%YAML 1.1
%TAG !u! tag:unity3d.com,2011:
--- !u!1 &111266
GameObject:
  m_ObjectHideFlags: 0
  m_PrefabParentObject: {fileID: 0}
  m_PrefabInternal: {fileID: 100100000}
  serializedVersion: 4
  m_Component:
  - 4: {fileID: 411266}
  - 114: {fileID: 11411266}
  - 114: {fileID: 11456062}
  m_Layer: 25
  m_Name: Title
  m_TagString: Untagged
  m_Icon: {fileID: 0}
  m_NavMeshLayer: 0
  m_StaticEditorFlags: 0
  m_IsActive: 1
--- !u!1 &111268
GameObject:
  m_ObjectHideFlags: 0
  m_PrefabParentObject: {fileID: 0}
  m_PrefabInternal: {fileID: 100100000}
  serializedVersion: 4
  m_Component:
  - 4: {fileID: 411268}
  - 114: {fileID: 11411268}
  m_Layer: 25
  m_Name: RemainTime
  m_TagString: Untagged
  m_Icon: {fileID: 0}
  m_NavMeshLayer: 0
  m_StaticEditorFlags: 0
  m_IsActive: 1
--- !u!1 &111270
GameObject:
  m_ObjectHideFlags: 0
  m_PrefabParentObject: {fileID: 0}
  m_PrefabInternal: {fileID: 100100000}
  serializedVersion: 4
  m_Component:
  - 4: {fileID: 411270}
  - 114: {fileID: 11411270}
  m_Layer: 25
  m_Name: Buttons
  m_TagString: Untagged
  m_Icon: {fileID: 0}
  m_NavMeshLayer: 0
  m_StaticEditorFlags: 0
  m_IsActive: 1
--- !u!1 &111272
GameObject:
  m_ObjectHideFlags: 0
  m_PrefabParentObject: {fileID: 0}
  m_PrefabInternal: {fileID: 100100000}
  serializedVersion: 4
  m_Component:
  - 4: {fileID: 411272}
  - 114: {fileID: 11411272}
  m_Layer: 25
  m_Name: Background
  m_TagString: Untagged
  m_Icon: {fileID: 0}
  m_NavMeshLayer: 0
  m_StaticEditorFlags: 0
  m_IsActive: 1
--- !u!1 &111274
GameObject:
  m_ObjectHideFlags: 0
  m_PrefabParentObject: {fileID: 0}
  m_PrefabInternal: {fileID: 100100000}
  serializedVersion: 4
  m_Component:
  - 4: {fileID: 411274}
  - 114: {fileID: 11411278}
  - 114: {fileID: 11411276}
  - 114: {fileID: 11411274}
  - 114: {fileID: 11415536}
  m_Layer: 25
  m_Name: RescueInfoMessageBox
  m_TagString: Untagged
  m_Icon: {fileID: 0}
  m_NavMeshLayer: 0
  m_StaticEditorFlags: 0
  m_IsActive: 1
--- !u!1 &115538
GameObject:
  m_ObjectHideFlags: 0
  m_PrefabParentObject: {fileID: 0}
  m_PrefabInternal: {fileID: 100100000}
  serializedVersion: 4
  m_Component:
  - 4: {fileID: 415538}
  - 114: {fileID: 11415534}
  - 114: {fileID: 11456060}
  m_Layer: 25
  m_Name: Content
  m_TagString: Untagged
  m_Icon: {fileID: 0}
  m_NavMeshLayer: 0
  m_StaticEditorFlags: 0
  m_IsActive: 1
--- !u!1 &115540
GameObject:
  m_ObjectHideFlags: 0
  m_PrefabParentObject: {fileID: 0}
  m_PrefabInternal: {fileID: 100100000}
  serializedVersion: 4
  m_Component:
  - 4: {fileID: 415540}
  - 114: {fileID: 11415538}
  - 114: {fileID: 11415540}
  m_Layer: 25
  m_Name: Texture
  m_TagString: Untagged
  m_Icon: {fileID: 0}
  m_NavMeshLayer: 0
  m_StaticEditorFlags: 0
  m_IsActive: 1
--- !u!1 &158590
GameObject:
  m_ObjectHideFlags: 0
  m_PrefabParentObject: {fileID: 0}
  m_PrefabInternal: {fileID: 100100000}
  serializedVersion: 4
  m_Component:
  - 4: {fileID: 458590}
  - 114: {fileID: 11458592}
  - 114: {fileID: 11458594}
  - 114: {fileID: 11458596}
  - 65: {fileID: 6558590}
  - 114: {fileID: 11458590}
  m_Layer: 25
  m_Name: Option
  m_TagString: Untagged
  m_Icon: {fileID: 0}
  m_NavMeshLayer: 0
  m_StaticEditorFlags: 0
  m_IsActive: 1
--- !u!1 &158592
GameObject:
  m_ObjectHideFlags: 1
  m_PrefabParentObject: {fileID: 0}
  m_PrefabInternal: {fileID: 100100000}
  serializedVersion: 4
  m_Component:
  - 4: {fileID: 458594}
  - 114: {fileID: 11458598}
  m_Layer: 25
  m_Name: Sprite
  m_TagString: Untagged
  m_Icon: {fileID: 0}
  m_NavMeshLayer: 0
  m_StaticEditorFlags: 0
  m_IsActive: 1
--- !u!1 &158594
GameObject:
  m_ObjectHideFlags: 1
  m_PrefabParentObject: {fileID: 0}
  m_PrefabInternal: {fileID: 100100000}
  serializedVersion: 4
  m_Component:
  - 4: {fileID: 458592}
  - 114: {fileID: 11458600}
  m_Layer: 25
  m_Name: Sprite
  m_TagString: Untagged
  m_Icon: {fileID: 0}
  m_NavMeshLayer: 0
  m_StaticEditorFlags: 0
  m_IsActive: 1
--- !u!4 &411266
Transform:
  m_ObjectHideFlags: 1
  m_PrefabParentObject: {fileID: 0}
  m_PrefabInternal: {fileID: 100100000}
  m_GameObject: {fileID: 111266}
  m_LocalRotation: {x: 0, y: 0, z: 0, w: 1}
  m_LocalPosition: {x: 0, y: 225, z: 0}
  m_LocalScale: {x: 1, y: 1, z: 1}
  m_Children: []
  m_Father: {fileID: 411274}
  m_RootOrder: 3
--- !u!4 &411268
Transform:
  m_ObjectHideFlags: 1
  m_PrefabParentObject: {fileID: 0}
  m_PrefabInternal: {fileID: 100100000}
  m_GameObject: {fileID: 111268}
  m_LocalRotation: {x: 0, y: 0, z: 0, w: 1}
  m_LocalPosition: {x: 0, y: -55, z: 0}
  m_LocalScale: {x: .999940038, y: .999940038, z: .999940038}
  m_Children: []
  m_Father: {fileID: 411274}
  m_RootOrder: 4
--- !u!4 &411270
Transform:
  m_ObjectHideFlags: 1
  m_PrefabParentObject: {fileID: 0}
  m_PrefabInternal: {fileID: 100100000}
  m_GameObject: {fileID: 111270}
  m_LocalRotation: {x: 0, y: 0, z: 0, w: 1}
  m_LocalPosition: {x: 0, y: -190, z: 0}
  m_LocalScale: {x: 1, y: 1, z: 1}
  m_Children: []
  m_Father: {fileID: 411274}
  m_RootOrder: 1
--- !u!4 &411272
Transform:
  m_ObjectHideFlags: 1
  m_PrefabParentObject: {fileID: 0}
  m_PrefabInternal: {fileID: 100100000}
  m_GameObject: {fileID: 111272}
  m_LocalRotation: {x: 0, y: 0, z: 0, w: 1}
  m_LocalPosition: {x: 0, y: 0, z: 0}
  m_LocalScale: {x: 1, y: 1, z: 1}
  m_Children: []
  m_Father: {fileID: 411274}
  m_RootOrder: 0
--- !u!4 &411274
Transform:
  m_ObjectHideFlags: 1
  m_PrefabParentObject: {fileID: 0}
  m_PrefabInternal: {fileID: 100100000}
  m_GameObject: {fileID: 111274}
  m_LocalRotation: {x: 0, y: 0, z: 0, w: 1}
  m_LocalPosition: {x: 0, y: 0, z: 0}
  m_LocalScale: {x: 1, y: 1, z: 1}
  m_Children:
  - {fileID: 411272}
  - {fileID: 411270}
  - {fileID: 415538}
  - {fileID: 411266}
  - {fileID: 411268}
  - {fileID: 415540}
  - {fileID: 458590}
  m_Father: {fileID: 0}
  m_RootOrder: 0
--- !u!4 &415538
Transform:
  m_ObjectHideFlags: 1
  m_PrefabParentObject: {fileID: 0}
  m_PrefabInternal: {fileID: 100100000}
  m_GameObject: {fileID: 115538}
  m_LocalRotation: {x: 0, y: 0, z: 0, w: 1}
  m_LocalPosition: {x: -250, y: 45, z: 0}
  m_LocalScale: {x: 1, y: 1, z: 1}
  m_Children: []
  m_Father: {fileID: 411274}
  m_RootOrder: 2
--- !u!4 &415540
Transform:
  m_ObjectHideFlags: 1
  m_PrefabParentObject: {fileID: 0}
  m_PrefabInternal: {fileID: 100100000}
  m_GameObject: {fileID: 115540}
  m_LocalRotation: {x: 0, y: 0, z: 0, w: 1}
  m_LocalPosition: {x: 0, y: 148.899994, z: 0}
  m_LocalScale: {x: 1, y: 1, z: 1}
  m_Children: []
  m_Father: {fileID: 411274}
  m_RootOrder: 5
--- !u!4 &458590
Transform:
  m_ObjectHideFlags: 1
  m_PrefabParentObject: {fileID: 0}
  m_PrefabInternal: {fileID: 100100000}
  m_GameObject: {fileID: 158590}
  m_LocalRotation: {x: 0, y: 0, z: 0, w: 1}
  m_LocalPosition: {x: -59.2698936, y: -110.599998, z: 0}
  m_LocalScale: {x: 1.00012195, y: 1.00012195, z: 1.00012195}
  m_Children:
  - {fileID: 458592}
  - {fileID: 458594}
  m_Father: {fileID: 411274}
  m_RootOrder: 6
--- !u!4 &458592
Transform:
  m_ObjectHideFlags: 1
  m_PrefabParentObject: {fileID: 0}
  m_PrefabInternal: {fileID: 100100000}
  m_GameObject: {fileID: 158594}
  m_LocalRotation: {x: 0, y: 0, z: 0, w: 1}
  m_LocalPosition: {x: -25, y: -0, z: 0}
  m_LocalScale: {x: 1, y: 1, z: 1}
  m_Children: []
  m_Father: {fileID: 458590}
  m_RootOrder: 0
--- !u!4 &458594
Transform:
  m_ObjectHideFlags: 1
  m_PrefabParentObject: {fileID: 0}
  m_PrefabInternal: {fileID: 100100000}
  m_GameObject: {fileID: 158592}
  m_LocalRotation: {x: 0, y: 0, z: 0, w: 1}
  m_LocalPosition: {x: -23.2000008, y: 7.5, z: 0}
  m_LocalScale: {x: .600000024, y: .600000024, z: 1}
  m_Children: []
  m_Father: {fileID: 458590}
  m_RootOrder: 1
--- !u!65 &6558590
BoxCollider:
  m_ObjectHideFlags: 1
  m_PrefabParentObject: {fileID: 0}
  m_PrefabInternal: {fileID: 100100000}
  m_GameObject: {fileID: 158590}
  m_Material: {fileID: 0}
  m_IsTrigger: 0
  m_Enabled: 1
  serializedVersion: 2
  m_Size: {x: 266.5, y: 54, z: 0}
  m_Center: {x: 65.5999985, y: 0, z: 0}
--- !u!114 &11411266
MonoBehaviour:
  m_ObjectHideFlags: 1
  m_PrefabParentObject: {fileID: 0}
  m_PrefabInternal: {fileID: 100100000}
  m_GameObject: {fileID: 111266}
  m_Enabled: 1
  m_EditorHideFlags: 0
  m_Script: {fileID: 11500000, guid: e9d0b5f3bbe925a408bd595c79d0bf63, type: 3}
  m_Name: 
  m_EditorClassIdentifier: 
  leftAnchor:
    target: {fileID: 411274}
    relative: 0
    absolute: 0
  rightAnchor:
    target: {fileID: 411274}
    relative: 1
    absolute: 0
  bottomAnchor:
    target: {fileID: 411274}
    relative: 1
    absolute: -70
  topAnchor:
    target: {fileID: 411274}
    relative: 1
    absolute: -25
  updateAnchors: 1
  mColor: {r: 1, g: 1, b: 0, a: 1}
  mPivot: 4
  mWidth: 600
  mHeight: 45
  mDepth: 4
  autoResizeBoxCollider: 0
  hideIfOffScreen: 0
  keepAspectRatio: 0
  aspectRatio: 13.333333
  keepCrispWhenShrunk: 1
  mTrueTypeFont: {fileID: 12800000, guid: 1ddc43e8db86d4d18b8b48bfb9cad20b, type: 3}
  mFont: {fileID: 0}
  mText: New Label
  mFontSize: 28
  mFontStyle: 0
  mAlignment: 0
  mEncoding: 1
  mMaxLineCount: 0
  mEffectStyle: 2
  mEffectColor: {r: 0, g: 0, b: 0, a: 1}
  mSymbols: 1
  mEffectDistance: {x: 1, y: 1}
  mOverflow: 0
  mMaterial: {fileID: 0}
  mApplyGradient: 0
  mGradientTop: {r: 1, g: 1, b: 1, a: 1}
  mGradientBottom: {r: .699999988, g: .699999988, b: .699999988, a: 1}
  mSpacingX: 0
  mSpacingY: 0
  mUseFloatSpacing: 0
  mFloatSpacingX: 0
  mFloatSpacingY: 0
  mShrinkToFit: 0
  mMaxLineWidth: 0
  mMaxLineHeight: 0
  mLineWidth: 0
  mMultiline: 1
--- !u!114 &11411268
MonoBehaviour:
  m_ObjectHideFlags: 1
  m_PrefabParentObject: {fileID: 0}
  m_PrefabInternal: {fileID: 100100000}
  m_GameObject: {fileID: 111268}
  m_Enabled: 1
  m_EditorHideFlags: 0
  m_Script: {fileID: 11500000, guid: e9d0b5f3bbe925a408bd595c79d0bf63, type: 3}
  m_Name: 
  m_EditorClassIdentifier: 
  leftAnchor:
    target: {fileID: 415538}
    relative: 0
    absolute: 0
  rightAnchor:
    target: {fileID: 415538}
    relative: 1
    absolute: 0
  bottomAnchor:
    target: {fileID: 415538}
    relative: 0
    absolute: -70
  topAnchor:
    target: {fileID: 415538}
    relative: 0
    absolute: -35
  updateAnchors: 1
  mColor: {r: 0, g: 0, b: 0, a: 1}
  mPivot: 4
  mWidth: 500
  mHeight: 35
  mDepth: 3
  autoResizeBoxCollider: 0
  hideIfOffScreen: 0
  keepAspectRatio: 0
  aspectRatio: 14.2857141
  keepCrispWhenShrunk: 1
  mTrueTypeFont: {fileID: 12800000, guid: 1ddc43e8db86d4d18b8b48bfb9cad20b, type: 3}
  mFont: {fileID: 0}
  mText: '...'
  mFontSize: 28
  mFontStyle: 0
  mAlignment: 0
  mEncoding: 1
  mMaxLineCount: 0
  mEffectStyle: 0
  mEffectColor: {r: 0, g: 0, b: 0, a: 1}
  mSymbols: 1
  mEffectDistance: {x: 1, y: 1}
  mOverflow: 0
  mMaterial: {fileID: 0}
  mApplyGradient: 0
  mGradientTop: {r: 1, g: 1, b: 1, a: 1}
  mGradientBottom: {r: .699999988, g: .699999988, b: .699999988, a: 1}
  mSpacingX: 0
  mSpacingY: 0
  mUseFloatSpacing: 0
  mFloatSpacingX: 0
  mFloatSpacingY: 0
  mShrinkToFit: 0
  mMaxLineWidth: 0
  mMaxLineHeight: 0
  mLineWidth: 0
  mMultiline: 1
--- !u!114 &11411270
MonoBehaviour:
  m_ObjectHideFlags: 1
  m_PrefabParentObject: {fileID: 0}
  m_PrefabInternal: {fileID: 100100000}
  m_GameObject: {fileID: 111270}
  m_Enabled: 1
  m_EditorHideFlags: 0
  m_Script: {fileID: 11500000, guid: 858a20c1b21a3f94bb5b2d3b901c9aaf, type: 3}
  m_Name: 
  m_EditorClassIdentifier: 
  leftAnchor:
    target: {fileID: 411274}
    relative: 0
    absolute: 0
  rightAnchor:
    target: {fileID: 411274}
    relative: 1
    absolute: 0
  bottomAnchor:
    target: {fileID: 411274}
    relative: 0
    absolute: 55
  topAnchor:
    target: {fileID: 411274}
    relative: 0
    absolute: 110
  updateAnchors: 1
  mColor: {r: 1, g: 1, b: 1, a: 1}
  mPivot: 4
  mWidth: 600
  mHeight: 55
  mDepth: 2
  autoResizeBoxCollider: 0
  hideIfOffScreen: 0
  keepAspectRatio: 0
  aspectRatio: 10.909091
--- !u!114 &11411272
MonoBehaviour:
  m_ObjectHideFlags: 1
  m_PrefabParentObject: {fileID: 0}
  m_PrefabInternal: {fileID: 100100000}
  m_GameObject: {fileID: 111272}
  m_Enabled: 1
  m_EditorHideFlags: 0
  m_Script: {fileID: 11500000, guid: 1b3dc54f924693f41b5cbecb267e647a, type: 3}
  m_Name: 
  m_EditorClassIdentifier: 
  leftAnchor:
    target: {fileID: 411274}
    relative: 0
    absolute: 0
  rightAnchor:
    target: {fileID: 411274}
    relative: 1
    absolute: 0
  bottomAnchor:
    target: {fileID: 411274}
    relative: 0
    absolute: 0
  topAnchor:
    target: {fileID: 411274}
    relative: 1
    absolute: 0
  updateAnchors: 2
  mColor: {r: 1, g: 1, b: 1, a: 1}
  mPivot: 4
  mWidth: 600
  mHeight: 545
  mDepth: 1
  autoResizeBoxCollider: 0
  hideIfOffScreen: 0
  keepAspectRatio: 0
  aspectRatio: 1.13207543
  mType: 1
  mFillDirection: 4
  mFillAmount: 1
  mInvert: 0
  mFlip: 0
  centerType: 1
  leftType: 1
  rightType: 1
  bottomType: 1
  topType: 1
  mAtlas: {fileID: 11467188, guid: 61f3acd856c799f4bbcdc62179bc736c, type: 2}
  mSpriteName: dialog_01
  mFillCenter: 1
--- !u!114 &11411274
MonoBehaviour:
  m_ObjectHideFlags: 1
  m_PrefabParentObject: {fileID: 0}
  m_PrefabInternal: {fileID: 100100000}
  m_GameObject: {fileID: 111274}
  m_Enabled: 1
  m_EditorHideFlags: 0
  m_Script: {fileID: 11500000, guid: 5b11277a53a3f924bbf57f299f74eea5, type: 3}
  m_Name: 
  m_EditorClassIdentifier: 
--- !u!114 &11411276
MonoBehaviour:
  m_ObjectHideFlags: 1
  m_PrefabParentObject: {fileID: 0}
  m_PrefabInternal: {fileID: 100100000}
  m_GameObject: {fileID: 111274}
  m_Enabled: 1
  m_EditorHideFlags: 0
  m_Script: {fileID: 11500000, guid: f55793797bca14b98910ca17c5e0a31d, type: 3}
  m_Name: 
  m_EditorClassIdentifier: 
  buttonGap: 120
  buttonWidth: 0
  contentLabel: {fileID: 0}
  titleLabel: {fileID: 0}
  buttons: {fileID: 111270}
  buttonPrefab: {fileID: 185040, guid: e4a963bf1285d9445b4edd43aa5b90ca, type: 2}
--- !u!114 &11411278
MonoBehaviour:
  m_ObjectHideFlags: 1
  m_PrefabParentObject: {fileID: 0}
  m_PrefabInternal: {fileID: 100100000}
  m_GameObject: {fileID: 111274}
  m_Enabled: 1
  m_EditorHideFlags: 0
  m_Script: {fileID: 11500000, guid: 858a20c1b21a3f94bb5b2d3b901c9aaf, type: 3}
  m_Name: 
  m_EditorClassIdentifier: 
  leftAnchor:
    target: {fileID: 0}
    relative: 0
    absolute: 0
  rightAnchor:
    target: {fileID: 0}
    relative: 1
    absolute: 0
  bottomAnchor:
    target: {fileID: 0}
    relative: 0
    absolute: 0
  topAnchor:
    target: {fileID: 0}
    relative: 1
    absolute: 0
  updateAnchors: 1
  mColor: {r: 1, g: 1, b: 1, a: 1}
  mPivot: 4
  mWidth: 600
  mHeight: 545
  mDepth: 0
  autoResizeBoxCollider: 0
  hideIfOffScreen: 0
  keepAspectRatio: 0
  aspectRatio: 1.10091746
--- !u!114 &11415534
MonoBehaviour:
  m_ObjectHideFlags: 1
  m_PrefabParentObject: {fileID: 0}
  m_PrefabInternal: {fileID: 100100000}
  m_GameObject: {fileID: 115538}
  m_Enabled: 1
  m_EditorHideFlags: 0
  m_Script: {fileID: 11500000, guid: e9d0b5f3bbe925a408bd595c79d0bf63, type: 3}
  m_Name: 
  m_EditorClassIdentifier: 
  leftAnchor:
    target: {fileID: 411274}
    relative: 0
    absolute: 50
  rightAnchor:
    target: {fileID: 411274}
    relative: 1
    absolute: -50
  bottomAnchor:
    target: {fileID: 411274}
    relative: 1
    absolute: -275
  topAnchor:
    target: {fileID: 411274}
    relative: 1
    absolute: -180
  updateAnchors: 1
  mColor: {r: 0, g: 0, b: 0, a: 1}
  mPivot: 3
  mWidth: 500
  mHeight: 95
  mDepth: 3
  autoResizeBoxCollider: 0
  hideIfOffScreen: 0
  keepAspectRatio: 0
  aspectRatio: 5.26315784
  keepCrispWhenShrunk: 1
  mTrueTypeFont: {fileID: 12800000, guid: 1ddc43e8db86d4d18b8b48bfb9cad20b, type: 3}
  mFont: {fileID: 0}
  mText: '...'
  mFontSize: 28
  mFontStyle: 0
  mAlignment: 0
  mEncoding: 1
  mMaxLineCount: 0
  mEffectStyle: 0
  mEffectColor: {r: 0, g: 0, b: 0, a: 1}
  mSymbols: 1
  mEffectDistance: {x: 1, y: 1}
  mOverflow: 0
  mMaterial: {fileID: 0}
  mApplyGradient: 0
  mGradientTop: {r: 1, g: 1, b: 1, a: 1}
  mGradientBottom: {r: .699999988, g: .699999988, b: .699999988, a: 1}
  mSpacingX: 0
  mSpacingY: 0
  mUseFloatSpacing: 0
  mFloatSpacingX: 0
  mFloatSpacingY: 0
  mShrinkToFit: 0
  mMaxLineWidth: 0
  mMaxLineHeight: 0
  mLineWidth: 0
  mMultiline: 1
--- !u!114 &11415536
MonoBehaviour:
  m_ObjectHideFlags: 1
  m_PrefabParentObject: {fileID: 0}
  m_PrefabInternal: {fileID: 100100000}
  m_GameObject: {fileID: 111274}
  m_Enabled: 1
  m_EditorHideFlags: 0
  m_Script: {fileID: 11500000, guid: cf8e96fc7a4e545ada6b112e90d208e0, type: 3}
  m_Name: 
  m_EditorClassIdentifier: 
  texture: {fileID: 11415540}
  remainTime: {fileID: 11411268}
--- !u!114 &11415538
MonoBehaviour:
  m_ObjectHideFlags: 1
  m_PrefabParentObject: {fileID: 0}
  m_PrefabInternal: {fileID: 100100000}
  m_GameObject: {fileID: 115540}
  m_Enabled: 1
  m_EditorHideFlags: 0
  m_Script: {fileID: 11500000, guid: d5c5ca47aa5c01740810b7c66662099f, type: 3}
  m_Name: 
  m_EditorClassIdentifier: 
  leftAnchor:
    target: {fileID: 0}
    relative: 0
    absolute: 0
  rightAnchor:
    target: {fileID: 0}
    relative: 1
    absolute: 0
  bottomAnchor:
    target: {fileID: 0}
    relative: 0
    absolute: 0
  topAnchor:
    target: {fileID: 0}
    relative: 1
    absolute: 0
  updateAnchors: 1
  mColor: {r: 1, g: 1, b: 1, a: 1}
  mPivot: 4
  mWidth: 100
  mHeight: 100
  mDepth: 5
  autoResizeBoxCollider: 0
  hideIfOffScreen: 0
  keepAspectRatio: 0
  aspectRatio: 1
  mType: 0
  mFillDirection: 4
  mFillAmount: 1
  mInvert: 0
  mFlip: 0
  centerType: 1
  leftType: 1
  rightType: 1
  bottomType: 1
  topType: 1
  mRect:
    serializedVersion: 2
    x: 0
    y: 0
    width: 1
    height: 1
  mTexture: {fileID: 0}
  mMat: {fileID: 0}
  mShader: {fileID: 4800000, guid: e75727d9555d9d14ca51d91908c681bc, type: 3}
  mBorder: {x: 0, y: 0, z: 0, w: 0}
  mFixedAspect: 0
--- !u!114 &11415540
MonoBehaviour:
  m_ObjectHideFlags: 1
  m_PrefabParentObject: {fileID: 0}
  m_PrefabInternal: {fileID: 100100000}
  m_GameObject: {fileID: 115540}
  m_Enabled: 1
  m_EditorHideFlags: 0
  m_Script: {fileID: 11500000, guid: 106dcd605891f404eaa1b2d4f1046010, type: 3}
  m_Name: 
  m_EditorClassIdentifier: 
  showLoadingIcon: 1
  path: 
  texture: {fileID: 0}
  makePixelPerfect: 1
--- !u!114 &11456060
MonoBehaviour:
  m_ObjectHideFlags: 1
  m_PrefabParentObject: {fileID: 0}
  m_PrefabInternal: {fileID: 100100000}
  m_GameObject: {fileID: 115538}
  m_Enabled: 1
  m_EditorHideFlags: 0
  m_Script: {fileID: 11500000, guid: 8a1db954991fe7e49904d1ffc5270a1d, type: 3}
  m_Name: 
  m_EditorClassIdentifier: 
  label: {fileID: 0}
  bbcode: '[-]'
  textId: 220
--- !u!114 &11456062
MonoBehaviour:
  m_ObjectHideFlags: 1
  m_PrefabParentObject: {fileID: 0}
  m_PrefabInternal: {fileID: 100100000}
  m_GameObject: {fileID: 111266}
  m_Enabled: 1
  m_EditorHideFlags: 0
  m_Script: {fileID: 11500000, guid: 8a1db954991fe7e49904d1ffc5270a1d, type: 3}
  m_Name: 
  m_EditorClassIdentifier: 
  label: {fileID: 0}
  bbcode: '[-]'
  textId: 219
--- !u!114 &11458590
MonoBehaviour:
  m_ObjectHideFlags: 1
  m_PrefabParentObject: {fileID: 0}
  m_PrefabInternal: {fileID: 100100000}
  m_GameObject: {fileID: 158590}
  m_Enabled: 1
  m_EditorHideFlags: 0
  m_Script: {fileID: 11500000, guid: 0d9d4ac2413e041dc87a4068799b7058, type: 3}
  m_Name: 
  m_EditorClassIdentifier: 
  option: 0
  toggle: {fileID: 11458596}
--- !u!114 &11458592
MonoBehaviour:
  m_ObjectHideFlags: 1
  m_PrefabParentObject: {fileID: 0}
  m_PrefabInternal: {fileID: 100100000}
  m_GameObject: {fileID: 158590}
  m_Enabled: 1
  m_EditorHideFlags: 0
  m_Script: {fileID: 11500000, guid: e9d0b5f3bbe925a408bd595c79d0bf63, type: 3}
  m_Name: 
  m_EditorClassIdentifier: 
  leftAnchor:
    target: {fileID: 0}
    relative: 0
    absolute: 50
  rightAnchor:
    target: {fileID: 0}
    relative: 1
    absolute: -50
  bottomAnchor:
    target: {fileID: 0}
    relative: 0
    absolute: -134
  topAnchor:
    target: {fileID: 0}
    relative: 1
    absolute: -80
  updateAnchors: 1
  mColor: {r: 0, g: 0, b: 0, a: 1}
  mPivot: 3
  mWidth: 235
  mHeight: 54
  mDepth: 3
  autoResizeBoxCollider: 0
  hideIfOffScreen: 0
  keepAspectRatio: 0
  aspectRatio: 4.35185194
  keepCrispWhenShrunk: 1
  mTrueTypeFont: {fileID: 12800000, guid: 1ddc43e8db86d4d18b8b48bfb9cad20b, type: 3}
  mFont: {fileID: 0}
  mText: New Label
  mFontSize: 28
  mFontStyle: 0
  mAlignment: 0
  mEncoding: 1
  mMaxLineCount: 0
  mEffectStyle: 0
  mEffectColor: {r: 0, g: 0, b: 0, a: 1}
  mSymbols: 1
  mEffectDistance: {x: 1, y: 1}
  mOverflow: 0
  mMaterial: {fileID: 0}
  mApplyGradient: 0
  mGradientTop: {r: 1, g: 1, b: 1, a: 1}
  mGradientBottom: {r: .699999988, g: .699999988, b: .699999988, a: 1}
  mSpacingX: 0
  mSpacingY: 0
  mUseFloatSpacing: 0
  mFloatSpacingX: 0
  mFloatSpacingY: 0
  mShrinkToFit: 0
  mMaxLineWidth: 0
  mMaxLineHeight: 0
  mLineWidth: 0
  mMultiline: 1
--- !u!114 &11458594
MonoBehaviour:
  m_ObjectHideFlags: 1
  m_PrefabParentObject: {fileID: 0}
  m_PrefabInternal: {fileID: 100100000}
  m_GameObject: {fileID: 158590}
  m_Enabled: 1
  m_EditorHideFlags: 0
  m_Script: {fileID: 11500000, guid: 8a1db954991fe7e49904d1ffc5270a1d, type: 3}
  m_Name: 
  m_EditorClassIdentifier: 
  label: {fileID: 0}
  bbcode: '[-]'
  textId: 449
--- !u!114 &11458596
MonoBehaviour:
  m_ObjectHideFlags: 1
  m_PrefabParentObject: {fileID: 0}
  m_PrefabInternal: {fileID: 100100000}
  m_GameObject: {fileID: 158590}
  m_Enabled: 1
  m_EditorHideFlags: 0
  m_Script: {fileID: 11500000, guid: 446d504799d99174383957fca80713c8, type: 3}
  m_Name: 
  m_EditorClassIdentifier: 
  group: 0
  activeSprite: {fileID: 11458598}
  activeAnimation: {fileID: 0}
  animator: {fileID: 0}
  startsActive: 0
  instantTween: 0
  optionCanBeNone: 0
  onChange:
  - mTarget: {fileID: 11458590}
    mMethodName: OnToggle
    mParameters: []
    oneShot: 0
  checkSprite: {fileID: 0}
  checkAnimation: {fileID: 0}
  eventReceiver: {fileID: 0}
  functionName: 
  startsChecked: 0
--- !u!114 &11458598
MonoBehaviour:
  m_ObjectHideFlags: 1
  m_PrefabParentObject: {fileID: 0}
  m_PrefabInternal: {fileID: 100100000}
  m_GameObject: {fileID: 158592}
  m_Enabled: 1
  m_EditorHideFlags: 0
  m_Script: {fileID: 11500000, guid: 1b3dc54f924693f41b5cbecb267e647a, type: 3}
  m_Name: 
  m_EditorClassIdentifier: 
  leftAnchor:
    target: {fileID: 0}
    relative: 0
    absolute: 0
  rightAnchor:
    target: {fileID: 0}
    relative: 1
    absolute: 0
  bottomAnchor:
    target: {fileID: 0}
    relative: 0
    absolute: 0
  topAnchor:
    target: {fileID: 0}
    relative: 1
    absolute: 0
  updateAnchors: 1
  mColor: {r: 1, g: 1, b: 1, a: 1}
  mPivot: 4
  mWidth: 66
  mHeight: 58
  mDepth: 5
  autoResizeBoxCollider: 0
  hideIfOffScreen: 0
  keepAspectRatio: 0
  aspectRatio: 1.13793099
  mType: 1
  mFillDirection: 4
  mFillAmount: 1
  mInvert: 0
  mFlip: 0
  centerType: 1
  leftType: 1
  rightType: 1
  bottomType: 1
  topType: 1
  mAtlas: {fileID: 11467188, guid: 61f3acd856c799f4bbcdc62179bc736c, type: 2}
  mSpriteName: image_checker
  mFillCenter: 1
--- !u!114 &11458600
MonoBehaviour:
  m_ObjectHideFlags: 1
  m_PrefabParentObject: {fileID: 0}
  m_PrefabInternal: {fileID: 100100000}
  m_GameObject: {fileID: 158594}
  m_Enabled: 1
  m_EditorHideFlags: 0
  m_Script: {fileID: 11500000, guid: 1b3dc54f924693f41b5cbecb267e647a, type: 3}
  m_Name: 
  m_EditorClassIdentifier: 
  leftAnchor:
    target: {fileID: 458590}
    relative: 0
    absolute: -45
  rightAnchor:
    target: {fileID: 458590}
    relative: 0
    absolute: -5
  bottomAnchor:
    target: {fileID: 458590}
    relative: .5
    absolute: -20
  topAnchor:
    target: {fileID: 458590}
    relative: .5
    absolute: 20
  updateAnchors: 1
  mColor: {r: 1, g: 1, b: 1, a: 1}
  mPivot: 4
  mWidth: 40
  mHeight: 40
  mDepth: 4
  autoResizeBoxCollider: 0
  hideIfOffScreen: 0
  keepAspectRatio: 0
  aspectRatio: 1
  mType: 0
  mFillDirection: 4
  mFillAmount: 1
  mInvert: 0
  mFlip: 0
  centerType: 1
  leftType: 1
  rightType: 1
  bottomType: 1
  topType: 1
  mAtlas: {fileID: 11467188, guid: 61f3acd856c799f4bbcdc62179bc736c, type: 2}
  mSpriteName: button_06
  mFillCenter: 1
--- !u!1001 &100100000
Prefab:
  m_ObjectHideFlags: 1
  serializedVersion: 2
  m_Modification:
    m_TransformParent: {fileID: 0}
    m_Modifications: []
    m_RemovedComponents: []
  m_ParentPrefab: {fileID: 0}
  m_RootGameObject: {fileID: 111274}
  m_IsPrefabParent: 1
  m_IsExploded: 1
