%YAML 1.1
%TAG !u! tag:unity3d.com,2011:
--- !u!1 &136130
GameObject:
  m_ObjectHideFlags: 0
  m_PrefabParentObject: {fileID: 0}
  m_PrefabInternal: {fileID: 100100000}
  serializedVersion: 4
  m_Component:
  - 4: {fileID: 436130}
  - 114: {fileID: 11436162}
  - 114: {fileID: 11404628}
  - 114: {fileID: 11477568}
  - 114: {fileID: 11461830}
  m_Layer: 10
  m_Name: PVPPage
  m_TagString: Untagged
  m_Icon: {fileID: 0}
  m_NavMeshLayer: 0
  m_StaticEditorFlags: 0
  m_IsActive: 1
--- !u!1 &177570
GameObject:
  m_ObjectHideFlags: 0
  m_PrefabParentObject: {fileID: 0}
  m_PrefabInternal: {fileID: 100100000}
  serializedVersion: 4
  m_Component:
  - 4: {fileID: 477570}
  - 114: {fileID: 11477570}
  m_Layer: 15
  m_Name: Panel
  m_TagString: Untagged
  m_Icon: {fileID: 0}
  m_NavMeshLayer: 0
  m_StaticEditorFlags: 0
  m_IsActive: 1
--- !u!1 &198174
GameObject:
  m_ObjectHideFlags: 1
  m_PrefabParentObject: {fileID: 0}
  m_PrefabInternal: {fileID: 100100000}
  serializedVersion: 4
  m_Component:
  - 4: {fileID: 498174}
  - 114: {fileID: 11498174}
  - 114: {fileID: 11438628}
  m_Layer: 15
  m_Name: Navigator
  m_TagString: Untagged
  m_Icon: {fileID: 0}
  m_NavMeshLayer: 0
  m_StaticEditorFlags: 0
  m_IsActive: 1
--- !u!4 &436130
Transform:
  m_ObjectHideFlags: 1
  m_PrefabParentObject: {fileID: 0}
  m_PrefabInternal: {fileID: 100100000}
  m_GameObject: {fileID: 136130}
  m_LocalRotation: {x: 0, y: 0, z: 0, w: 1}
  m_LocalPosition: {x: 0, y: 0, z: 0}
  m_LocalScale: {x: 1, y: 1, z: 1}
  m_Children:
  - {fileID: 477570}
  m_Father: {fileID: 0}
  m_RootOrder: 0
--- !u!4 &477570
Transform:
  m_ObjectHideFlags: 1
  m_PrefabParentObject: {fileID: 0}
  m_PrefabInternal: {fileID: 100100000}
  m_GameObject: {fileID: 177570}
  m_LocalRotation: {x: 0, y: 0, z: 0, w: 1}
  m_LocalPosition: {x: 0, y: 0, z: 0}
  m_LocalScale: {x: 1, y: 1, z: 1}
  m_Children:
  - {fileID: 498174}
  m_Father: {fileID: 436130}
  m_RootOrder: 0
--- !u!4 &498174
Transform:
  m_ObjectHideFlags: 1
  m_PrefabParentObject: {fileID: 0}
  m_PrefabInternal: {fileID: 100100000}
  m_GameObject: {fileID: 198174}
  m_LocalRotation: {x: 0, y: 0, z: 0, w: 1}
  m_LocalPosition: {x: 0, y: -62, z: 0}
  m_LocalScale: {x: 1, y: 1, z: 1}
  m_Children: []
  m_Father: {fileID: 477570}
  m_RootOrder: 0
--- !u!114 &11404628
MonoBehaviour:
  m_ObjectHideFlags: 1
  m_PrefabParentObject: {fileID: 0}
  m_PrefabInternal: {fileID: 100100000}
  m_GameObject: {fileID: 136130}
  m_Enabled: 1
  m_EditorHideFlags: 0
  m_Script: {fileID: 11500000, guid: 15164e168abb04248b1372d5e4164a3e, type: 3}
  m_Name: 
  m_EditorClassIdentifier: 
  titleFormat: 1
  titleTextID: 487
  backToStage: 1
  titleText: 
  titlePrefab: {fileID: 0}
  disableBackButton: 0
  disableNextButton: 1
  nextButtonPrefab: {fileID: 0}
  nextButtonText: 
  nextButtonWidth: 135
  manualOffset: 1
  offset: {x: 0, y: 0, z: 65, w: -100}
  parent: {fileID: 0}
  navigator: {fileID: 11438628}
  teamView: {fileID: 11461830}
--- !u!114 &11436162
MonoBehaviour:
  m_ObjectHideFlags: 1
  m_PrefabParentObject: {fileID: 0}
  m_PrefabInternal: {fileID: 100100000}
  m_GameObject: {fileID: 136130}
  m_Enabled: 1
  m_EditorHideFlags: 0
  m_Script: {fileID: 11500000, guid: 858a20c1b21a3f94bb5b2d3b901c9aaf, type: 3}
  m_Name: 
  m_EditorClassIdentifier: 
  leftAnchor:
    target: {fileID: 0}
    relative: 0
    absolute: 0
  rightAnchor:
    target: {fileID: 0}
    relative: 1
    absolute: 0
  bottomAnchor:
    target: {fileID: 0}
    relative: 0
    absolute: 0
  topAnchor:
    target: {fileID: 0}
    relative: 1
    absolute: 0
  updateAnchors: 1
  mColor: {r: 1, g: 1, b: 1, a: 1}
  mPivot: 4
  mWidth: 640
  mHeight: 645
  mDepth: 0
  autoResizeBoxCollider: 0
  hideIfOffScreen: 0
  keepAspectRatio: 0
  aspectRatio: .992248058
--- !u!114 &11438628
MonoBehaviour:
  m_ObjectHideFlags: 1
  m_PrefabParentObject: {fileID: 0}
  m_PrefabInternal: {fileID: 100100000}
  m_GameObject: {fileID: 198174}
  m_Enabled: 1
  m_EditorHideFlags: 0
  m_Script: {fileID: 11500000, guid: 8ad44e21b636dfe4f9e4db4108f787c7, type: 3}
  m_Name: 
  m_EditorClassIdentifier: 
  prefabs:
  - {fileID: 188892, guid: c6cdaaaf5484844f3aaebbda0a170e59, type: 2}
  - {fileID: 179146, guid: 8a5c616476dcc4294a0e16bec775eec1, type: 2}
  - {fileID: 101582, guid: 884d72214eff246b8b30a5d0d6342bb1, type: 2}
  - {fileID: 182392, guid: 6290132bda3789742a840bfe2e8fbf2e, type: 2}
  - {fileID: 182392, guid: 6290132bda3789742a840bfe2e8fbf2e, type: 2}
  - {fileID: 145290, guid: 16208c0ffb63d5640a54a7b2cbc29bcf, type: 2}
  - {fileID: 169690, guid: 98fc1cbfbfcb1074e9eac99aaca89bc7, type: 2}
  - {fileID: 195394, guid: 99268a7f928939045836e51440ac6a72, type: 2}
  - {fileID: 167984, guid: 9865363ef68fb48c69309bd2170a4992, type: 2}
  - {fileID: 196652, guid: f35195dbbbb631e409c660c38ed7665a, type: 2}
  - {fileID: 196652, guid: f35195dbbbb631e409c660c38ed7665a, type: 2}
  container: {fileID: 0}
  blocker: {fileID: 0}
  icon: {fileID: 0}
  delay: 0
  loop: 1
  seamless: 0
  current: 0
  currentObj: {fileID: 0}
--- !u!114 &11461830
MonoBehaviour:
  m_ObjectHideFlags: 1
  m_PrefabParentObject: {fileID: 0}
  m_PrefabInternal: {fileID: 100100000}
  m_GameObject: {fileID: 136130}
  m_Enabled: 1
  m_EditorHideFlags: 0
  m_Script: {fileID: 11500000, guid: af030757b8b85c14c92ecbf3bfcc2c13, type: 3}
  m_Name: 
  m_EditorClassIdentifier: 
  navigator: {fileID: 11438628}
  defaultView: 7
  selectOne: 8
  selectMany: -1
  selectSupport: 9
  randomSupport: 10
--- !u!114 &11477568
MonoBehaviour:
  m_ObjectHideFlags: 1
  m_PrefabParentObject: {fileID: 0}
  m_PrefabInternal: {fileID: 100100000}
  m_GameObject: {fileID: 136130}
  m_Enabled: 1
  m_EditorHideFlags: 0
  m_Script: {fileID: 11500000, guid: ba0a85482baa44eb1bd3aeb8766420e9, type: 3}
  m_Name: 
  m_EditorClassIdentifier: 
--- !u!114 &11477570
MonoBehaviour:
  m_ObjectHideFlags: 1
  m_PrefabParentObject: {fileID: 0}
  m_PrefabInternal: {fileID: 100100000}
  m_GameObject: {fileID: 177570}
  m_Enabled: 1
  m_EditorHideFlags: 0
  m_Script: {fileID: 11500000, guid: ae942c9068183dc40a9d01f648273726, type: 3}
  m_Name: 
  m_EditorClassIdentifier: 
  leftAnchor:
    target: {fileID: 0}
    relative: 0
    absolute: 0
  rightAnchor:
    target: {fileID: 0}
    relative: 1
    absolute: 0
  bottomAnchor:
    target: {fileID: 0}
    relative: 0
    absolute: 0
  topAnchor:
    target: {fileID: 0}
    relative: 1
    absolute: 0
  updateAnchors: 1
  showInPanelTool: 1
  generateNormals: 0
  widgetsAreStatic: 0
  cullWhileDragging: 1
  alwaysOnScreen: 0
  anchorOffset: 0
  softBorderPadding: 1
  renderQueue: 0
  startingRenderQueue: 3000
  mClipTexture: {fileID: 0}
  mAlpha: 1
  mClipping: 0
  mClipRange: {x: 0, y: 0, z: 300, w: 200}
  mClipSoftness: {x: 4, y: 4}
  mDepth: 1
  mSortingOrder: 0
  mSortingLayerName: 
  mClipOffset: {x: 0, y: 0}
--- !u!114 &11498174
MonoBehaviour:
  m_ObjectHideFlags: 1
  m_PrefabParentObject: {fileID: 0}
  m_PrefabInternal: {fileID: 100100000}
  m_GameObject: {fileID: 198174}
  m_Enabled: 1
  m_EditorHideFlags: 0
  m_Script: {fileID: 11500000, guid: 858a20c1b21a3f94bb5b2d3b901c9aaf, type: 3}
  m_Name: 
  m_EditorClassIdentifier: 
  leftAnchor:
    target: {fileID: 436130}
    relative: 0
    absolute: 0
  rightAnchor:
    target: {fileID: 436130}
    relative: 1
    absolute: 0
  bottomAnchor:
    target: {fileID: 436130}
    relative: 0
    absolute: 0
  topAnchor:
    target: {fileID: 436130}
    relative: 1
    absolute: -125
  updateAnchors: 1
  mColor: {r: 1, g: 1, b: 1, a: 1}
  mPivot: 4
  mWidth: 640
  mHeight: 520
  mDepth: 1
  autoResizeBoxCollider: 0
  hideIfOffScreen: 0
  keepAspectRatio: 0
  aspectRatio: 1.01587307
--- !u!1001 &100100000
Prefab:
  m_ObjectHideFlags: 1
  serializedVersion: 2
  m_Modification:
    m_TransformParent: {fileID: 0}
    m_Modifications: []
    m_RemovedComponents: []
  m_ParentPrefab: {fileID: 0}
  m_RootGameObject: {fileID: 136130}
  m_IsPrefabParent: 1
  m_IsExploded: 1
