%YAML 1.1
%TAG !u! tag:unity3d.com,2011:
--- !u!1 &112474
GameObject:
  m_ObjectHideFlags: 0
  m_PrefabParentObject: {fileID: 0}
  m_PrefabInternal: {fileID: 100100000}
  serializedVersion: 4
  m_Component:
  - 4: {fileID: 412474}
  - 114: {fileID: 11412474}
  m_Layer: 10
  m_Name: banner_bg
  m_TagString: Untagged
  m_Icon: {fileID: 0}
  m_NavMeshLayer: 0
  m_StaticEditorFlags: 0
  m_IsActive: 1
--- !u!1 &112476
GameObject:
  m_ObjectHideFlags: 1
  m_PrefabParentObject: {fileID: 0}
  m_PrefabInternal: {fileID: 100100000}
  serializedVersion: 4
  m_Component:
  - 4: {fileID: 412476}
  - 114: {fileID: 11412476}
  - 114: {fileID: 11437678}
  m_Layer: 10
  m_Name: banner_text
  m_TagString: Untagged
  m_Icon: {fileID: 0}
  m_NavMeshLayer: 0
  m_StaticEditorFlags: 0
  m_IsActive: 1
--- !u!1 &162826
GameObject:
  m_ObjectHideFlags: 0
  m_PrefabParentObject: {fileID: 0}
  m_PrefabInternal: {fileID: 100100000}
  serializedVersion: 4
  m_Component:
  - 4: {fileID: 462826}
  - 114: {fileID: 11462826}
  m_Layer: 10
  m_Name: Price
  m_TagString: Untagged
  m_Icon: {fileID: 0}
  m_NavMeshLayer: 0
  m_StaticEditorFlags: 0
  m_IsActive: 1
--- !u!1 &162828
GameObject:
  m_ObjectHideFlags: 0
  m_PrefabParentObject: {fileID: 0}
  m_PrefabInternal: {fileID: 100100000}
  serializedVersion: 4
  m_Component:
  - 4: {fileID: 462828}
  - 114: {fileID: 11462828}
  m_Layer: 10
  m_Name: Gem
  m_TagString: Untagged
  m_Icon: {fileID: 0}
  m_NavMeshLayer: 0
  m_StaticEditorFlags: 0
  m_IsActive: 1
--- !u!1 &162830
GameObject:
  m_ObjectHideFlags: 0
  m_PrefabParentObject: {fileID: 0}
  m_PrefabInternal: {fileID: 100100000}
  serializedVersion: 4
  m_Component:
  - 4: {fileID: 462830}
  - 114: {fileID: 11462830}
  m_Layer: 10
  m_Name: Icon_bg
  m_TagString: Untagged
  m_Icon: {fileID: 0}
  m_NavMeshLayer: 0
  m_StaticEditorFlags: 0
  m_IsActive: 1
--- !u!1 &168860
GameObject:
  m_ObjectHideFlags: 0
  m_PrefabParentObject: {fileID: 0}
  m_PrefabInternal: {fileID: 100100000}
  serializedVersion: 4
  m_Component:
  - 4: {fileID: 468860}
  - 114: {fileID: 11468850}
  - 65: {fileID: 6568876}
  - 114: {fileID: 11468852}
  - 114: {fileID: 11468854}
  - 114: {fileID: 11429322}
  m_Layer: 10
  m_Name: IAPItemRenderer
  m_TagString: Untagged
  m_Icon: {fileID: 0}
  m_NavMeshLayer: 0
  m_StaticEditorFlags: 0
  m_IsActive: 1
--- !u!1 &168862
GameObject:
  m_ObjectHideFlags: 0
  m_PrefabParentObject: {fileID: 0}
  m_PrefabInternal: {fileID: 100100000}
  serializedVersion: 4
  m_Component:
  - 4: {fileID: 468862}
  - 114: {fileID: 11468858}
  m_Layer: 10
  m_Name: Backround
  m_TagString: Untagged
  m_Icon: {fileID: 0}
  m_NavMeshLayer: 0
  m_StaticEditorFlags: 0
  m_IsActive: 1
--- !u!1 &168864
GameObject:
  m_ObjectHideFlags: 0
  m_PrefabParentObject: {fileID: 0}
  m_PrefabInternal: {fileID: 100100000}
  serializedVersion: 4
  m_Component:
  - 4: {fileID: 468864}
  - 114: {fileID: 11468860}
  m_Layer: 10
  m_Name: Name
  m_TagString: Untagged
  m_Icon: {fileID: 0}
  m_NavMeshLayer: 0
  m_StaticEditorFlags: 0
  m_IsActive: 1
--- !u!1 &168868
GameObject:
  m_ObjectHideFlags: 0
  m_PrefabParentObject: {fileID: 0}
  m_PrefabInternal: {fileID: 100100000}
  serializedVersion: 4
  m_Component:
  - 4: {fileID: 468868}
  - 114: {fileID: 11468870}
  m_Layer: 10
  m_Name: Bonus
  m_TagString: Untagged
  m_Icon: {fileID: 0}
  m_NavMeshLayer: 0
  m_StaticEditorFlags: 0
  m_IsActive: 1
--- !u!4 &412474
Transform:
  m_ObjectHideFlags: 1
  m_PrefabParentObject: {fileID: 0}
  m_PrefabInternal: {fileID: 100100000}
  m_GameObject: {fileID: 112474}
  m_LocalRotation: {x: 0, y: 0, z: 0, w: 1}
  m_LocalPosition: {x: 400, y: -31, z: 0}
  m_LocalScale: {x: 1, y: 1, z: 1}
  m_Children:
  - {fileID: 412476}
  m_Father: {fileID: 468860}
  m_RootOrder: 6
--- !u!4 &412476
Transform:
  m_ObjectHideFlags: 1
  m_PrefabParentObject: {fileID: 0}
  m_PrefabInternal: {fileID: 100100000}
  m_GameObject: {fileID: 112476}
  m_LocalRotation: {x: 0, y: 0, z: 0, w: 1}
  m_LocalPosition: {x: 0, y: 0, z: 0}
  m_LocalScale: {x: 1, y: 1, z: 1}
  m_Children: []
  m_Father: {fileID: 412474}
  m_RootOrder: 0
--- !u!4 &462826
Transform:
  m_ObjectHideFlags: 1
  m_PrefabParentObject: {fileID: 0}
  m_PrefabInternal: {fileID: 100100000}
  m_GameObject: {fileID: 162826}
  m_LocalRotation: {x: 0, y: 0, z: 0, w: 1}
  m_LocalPosition: {x: 490, y: -70, z: 0}
  m_LocalScale: {x: 1, y: 1, z: 1}
  m_Children: []
  m_Father: {fileID: 468860}
  m_RootOrder: 5
--- !u!4 &462828
Transform:
  m_ObjectHideFlags: 1
  m_PrefabParentObject: {fileID: 0}
  m_PrefabInternal: {fileID: 100100000}
  m_GameObject: {fileID: 162828}
  m_LocalRotation: {x: 0, y: 0, z: 0, w: 1}
  m_LocalPosition: {x: 50, y: -50, z: 0}
  m_LocalScale: {x: 1, y: 1, z: 1}
  m_Children: []
  m_Father: {fileID: 468860}
  m_RootOrder: 4
--- !u!4 &462830
Transform:
  m_ObjectHideFlags: 1
  m_PrefabParentObject: {fileID: 0}
  m_PrefabInternal: {fileID: 100100000}
  m_GameObject: {fileID: 162830}
  m_LocalRotation: {x: 0, y: 0, z: 0, w: 1}
  m_LocalPosition: {x: 50, y: -50, z: 0}
  m_LocalScale: {x: 1, y: 1, z: 1}
  m_Children: []
  m_Father: {fileID: 468860}
  m_RootOrder: 3
--- !u!4 &468860
Transform:
  m_ObjectHideFlags: 1
  m_PrefabParentObject: {fileID: 0}
  m_PrefabInternal: {fileID: 100100000}
  m_GameObject: {fileID: 168860}
  m_LocalRotation: {x: 0, y: 0, z: 0, w: 1}
  m_LocalPosition: {x: 0, y: 0, z: 0}
  m_LocalScale: {x: 1, y: 1, z: 1}
  m_Children:
  - {fileID: 468862}
  - {fileID: 468864}
  - {fileID: 468868}
  - {fileID: 462830}
  - {fileID: 462828}
  - {fileID: 462826}
  - {fileID: 412474}
  m_Father: {fileID: 0}
  m_RootOrder: 0
--- !u!4 &468862
Transform:
  m_ObjectHideFlags: 1
  m_PrefabParentObject: {fileID: 0}
  m_PrefabInternal: {fileID: 100100000}
  m_GameObject: {fileID: 168862}
  m_LocalRotation: {x: 0, y: 0, z: 0, w: 1}
  m_LocalPosition: {x: 260, y: -50, z: 0}
  m_LocalScale: {x: 1, y: 1, z: 1}
  m_Children: []
  m_Father: {fileID: 468860}
  m_RootOrder: 0
--- !u!4 &468864
Transform:
  m_ObjectHideFlags: 1
  m_PrefabParentObject: {fileID: 0}
  m_PrefabInternal: {fileID: 100100000}
  m_GameObject: {fileID: 168864}
  m_LocalRotation: {x: 0, y: 0, z: 0, w: 1}
  m_LocalPosition: {x: 110, y: -33, z: 0}
  m_LocalScale: {x: 1, y: 1, z: 1}
  m_Children: []
  m_Father: {fileID: 468860}
  m_RootOrder: 1
--- !u!4 &468868
Transform:
  m_ObjectHideFlags: 1
  m_PrefabParentObject: {fileID: 0}
  m_PrefabInternal: {fileID: 100100000}
  m_GameObject: {fileID: 168868}
  m_LocalRotation: {x: 0, y: 0, z: 0, w: 1}
  m_LocalPosition: {x: 110, y: -70, z: 0}
  m_LocalScale: {x: 1, y: 1, z: 1}
  m_Children: []
  m_Father: {fileID: 468860}
  m_RootOrder: 2
--- !u!65 &6568876
BoxCollider:
  m_ObjectHideFlags: 1
  m_PrefabParentObject: {fileID: 0}
  m_PrefabInternal: {fileID: 100100000}
  m_GameObject: {fileID: 168860}
  m_Material: {fileID: 0}
  m_IsTrigger: 0
  m_Enabled: 1
  serializedVersion: 2
  m_Size: {x: 520, y: 100, z: 0}
  m_Center: {x: 260, y: -50, z: 0}
--- !u!114 &11412474
MonoBehaviour:
  m_ObjectHideFlags: 1
  m_PrefabParentObject: {fileID: 0}
  m_PrefabInternal: {fileID: 100100000}
  m_GameObject: {fileID: 112474}
  m_Enabled: 1
  m_EditorHideFlags: 0
  m_Script: {fileID: 11500000, guid: 1b3dc54f924693f41b5cbecb267e647a, type: 3}
  m_Name: 
  m_EditorClassIdentifier: 
  leftAnchor:
    target: {fileID: 468860}
    relative: 1
    absolute: -220
  rightAnchor:
    target: {fileID: 468860}
    relative: 1
    absolute: -20
  bottomAnchor:
    target: {fileID: 468860}
    relative: .5
    absolute: 0
  topAnchor:
    target: {fileID: 468860}
    relative: 1
    absolute: -12
  updateAnchors: 1
  mColor: {r: 1, g: 1, b: 1, a: 1}
  mPivot: 4
  mWidth: 200
  mHeight: 38
  mDepth: 1
  autoResizeBoxCollider: 0
  hideIfOffScreen: 0
  keepAspectRatio: 0
  aspectRatio: 5.26315784
  mType: 1
  mFillDirection: 4
  mFillAmount: 1
  mInvert: 0
  mFlip: 0
  centerType: 1
  leftType: 1
  rightType: 1
  bottomType: 1
  topType: 1
  mAtlas: {fileID: 11467188, guid: 61f3acd856c799f4bbcdc62179bc736c, type: 2}
  mSpriteName: ui_under2
  mFillCenter: 1
--- !u!114 &11412476
MonoBehaviour:
  m_ObjectHideFlags: 1
  m_PrefabParentObject: {fileID: 0}
  m_PrefabInternal: {fileID: 100100000}
  m_GameObject: {fileID: 112476}
  m_Enabled: 1
  m_EditorHideFlags: 0
  m_Script: {fileID: 11500000, guid: e9d0b5f3bbe925a408bd595c79d0bf63, type: 3}
  m_Name: 
  m_EditorClassIdentifier: 
  leftAnchor:
    target: {fileID: 0}
    relative: 0
    absolute: 0
  rightAnchor:
    target: {fileID: 0}
    relative: 1
    absolute: 0
  bottomAnchor:
    target: {fileID: 0}
    relative: 0
    absolute: 0
  topAnchor:
    target: {fileID: 0}
    relative: 1
    absolute: 0
  updateAnchors: 1
  mColor: {r: 1, g: 1, b: 1, a: 1}
  mPivot: 4
  mWidth: 200
  mHeight: 32
  mDepth: 2
  autoResizeBoxCollider: 0
  hideIfOffScreen: 0
  keepAspectRatio: 0
  aspectRatio: 6.25
  keepCrispWhenShrunk: 1
  mTrueTypeFont: {fileID: 12800000, guid: 1ddc43e8db86d4d18b8b48bfb9cad20b, type: 3}
  mFont: {fileID: 0}
  mText: Bonus
  mFontSize: 28
  mFontStyle: 0
  mAlignment: 0
  mEncoding: 1
  mMaxLineCount: 1
  mEffectStyle: 0
  mEffectColor: {r: 0, g: 0, b: 0, a: 1}
  mSymbols: 1
  mEffectDistance: {x: 1, y: 1}
  mOverflow: 0
  mMaterial: {fileID: 0}
  mApplyGradient: 0
  mGradientTop: {r: 1, g: 1, b: 1, a: 1}
  mGradientBottom: {r: .699999988, g: .699999988, b: .699999988, a: 1}
  mSpacingX: 0
  mSpacingY: 0
  mUseFloatSpacing: 0
  mFloatSpacingX: 0
  mFloatSpacingY: 0
  mShrinkToFit: 0
  mMaxLineWidth: 0
  mMaxLineHeight: 0
  mLineWidth: 0
  mMultiline: 1
--- !u!114 &11429322
MonoBehaviour:
  m_ObjectHideFlags: 1
  m_PrefabParentObject: {fileID: 0}
  m_PrefabInternal: {fileID: 100100000}
  m_GameObject: {fileID: 168860}
  m_Enabled: 1
  m_EditorHideFlags: 0
  m_Script: {fileID: 11500000, guid: 7efdfaa71110948178a44d25915c6de0, type: 3}
  m_Name: 
  m_EditorClassIdentifier: 
  NameLabel: {fileID: 11468860}
  BonusLabel: {fileID: 11468870}
  PriceLabel: {fileID: 11462826}
  bannerSprite: {fileID: 11412474}
  bannerLabel: {fileID: 11437678}
--- !u!114 &11437678
MonoBehaviour:
  m_ObjectHideFlags: 1
  m_PrefabParentObject: {fileID: 0}
  m_PrefabInternal: {fileID: 100100000}
  m_GameObject: {fileID: 112476}
  m_Enabled: 1
  m_EditorHideFlags: 0
  m_Script: {fileID: 11500000, guid: 8a1db954991fe7e49904d1ffc5270a1d, type: 3}
  m_Name: 
  m_EditorClassIdentifier: 
  label: {fileID: 0}
  bbcode: '[ffff00]'
  textId: 225
--- !u!114 &11462826
MonoBehaviour:
  m_ObjectHideFlags: 1
  m_PrefabParentObject: {fileID: 0}
  m_PrefabInternal: {fileID: 100100000}
  m_GameObject: {fileID: 162826}
  m_Enabled: 1
  m_EditorHideFlags: 0
  m_Script: {fileID: 11500000, guid: e9d0b5f3bbe925a408bd595c79d0bf63, type: 3}
  m_Name: 
  m_EditorClassIdentifier: 
  leftAnchor:
    target: {fileID: 468860}
    relative: 1
    absolute: -190
  rightAnchor:
    target: {fileID: 468860}
    relative: 1
    absolute: -30
  bottomAnchor:
    target: {fileID: 468860}
    relative: .5
    absolute: -40
  topAnchor:
    target: {fileID: 468860}
    relative: 1
    absolute: -50
  updateAnchors: 1
  mColor: {r: 0, g: 0, b: 0, a: 1}
  mPivot: 5
  mWidth: 160
  mHeight: 40
  mDepth: 1
  autoResizeBoxCollider: 0
  hideIfOffScreen: 0
  keepAspectRatio: 0
  aspectRatio: 4
  keepCrispWhenShrunk: 1
  mTrueTypeFont: {fileID: 12800000, guid: 1ddc43e8db86d4d18b8b48bfb9cad20b, type: 3}
  mFont: {fileID: 0}
  mText: Price
  mFontSize: 28
  mFontStyle: 0
  mAlignment: 0
  mEncoding: 1
  mMaxLineCount: 1
  mEffectStyle: 0
  mEffectColor: {r: 0, g: 0, b: 0, a: 1}
  mSymbols: 1
  mEffectDistance: {x: 1, y: 1}
  mOverflow: 0
  mMaterial: {fileID: 0}
  mApplyGradient: 0
  mGradientTop: {r: 1, g: 1, b: 1, a: 1}
  mGradientBottom: {r: .699999988, g: .699999988, b: .699999988, a: 1}
  mSpacingX: 0
  mSpacingY: 0
  mUseFloatSpacing: 0
  mFloatSpacingX: 0
  mFloatSpacingY: 0
  mShrinkToFit: 0
  mMaxLineWidth: 0
  mMaxLineHeight: 0
  mLineWidth: 0
  mMultiline: 1
--- !u!114 &11462828
MonoBehaviour:
  m_ObjectHideFlags: 1
  m_PrefabParentObject: {fileID: 0}
  m_PrefabInternal: {fileID: 100100000}
  m_GameObject: {fileID: 162828}
  m_Enabled: 1
  m_EditorHideFlags: 0
  m_Script: {fileID: 11500000, guid: 1b3dc54f924693f41b5cbecb267e647a, type: 3}
  m_Name: 
  m_EditorClassIdentifier: 
  leftAnchor:
    target: {fileID: 0}
    relative: 0
    absolute: 0
  rightAnchor:
    target: {fileID: 0}
    relative: 1
    absolute: 0
  bottomAnchor:
    target: {fileID: 0}
    relative: 0
    absolute: 0
  topAnchor:
    target: {fileID: 0}
    relative: 1
    absolute: 0
  updateAnchors: 1
  mColor: {r: 1, g: 1, b: 1, a: 1}
  mPivot: 4
  mWidth: 90
  mHeight: 90
  mDepth: 2
  autoResizeBoxCollider: 0
  hideIfOffScreen: 0
  keepAspectRatio: 0
  aspectRatio: 1
  mType: 0
  mFillDirection: 4
  mFillAmount: 1
  mInvert: 0
  mFlip: 0
  centerType: 1
  leftType: 1
  rightType: 1
  bottomType: 1
  topType: 1
  mAtlas: {fileID: 11467188, guid: 61f3acd856c799f4bbcdc62179bc736c, type: 2}
  mSpriteName: img_diamond
  mFillCenter: 1
--- !u!114 &11462830
MonoBehaviour:
  m_ObjectHideFlags: 1
  m_PrefabParentObject: {fileID: 0}
  m_PrefabInternal: {fileID: 100100000}
  m_GameObject: {fileID: 162830}
  m_Enabled: 1
  m_EditorHideFlags: 0
  m_Script: {fileID: 11500000, guid: 1b3dc54f924693f41b5cbecb267e647a, type: 3}
  m_Name: 
  m_EditorClassIdentifier: 
  leftAnchor:
    target: {fileID: 0}
    relative: 0
    absolute: 0
  rightAnchor:
    target: {fileID: 0}
    relative: 1
    absolute: 0
  bottomAnchor:
    target: {fileID: 0}
    relative: 0
    absolute: 0
  topAnchor:
    target: {fileID: 0}
    relative: 1
    absolute: 0
  updateAnchors: 1
  mColor: {r: 1, g: 1, b: 1, a: 1}
  mPivot: 4
  mWidth: 100
  mHeight: 100
  mDepth: 1
  autoResizeBoxCollider: 0
  hideIfOffScreen: 0
  keepAspectRatio: 0
  aspectRatio: 1
  mType: 0
  mFillDirection: 4
  mFillAmount: 1
  mInvert: 0
  mFlip: 0
  centerType: 1
  leftType: 1
  rightType: 1
  bottomType: 1
  topType: 1
  mAtlas: {fileID: 11467188, guid: 61f3acd856c799f4bbcdc62179bc736c, type: 2}
  mSpriteName: IC_UNDER_003
  mFillCenter: 1
--- !u!114 &11468850
MonoBehaviour:
  m_ObjectHideFlags: 1
  m_PrefabParentObject: {fileID: 0}
  m_PrefabInternal: {fileID: 100100000}
  m_GameObject: {fileID: 168860}
  m_Enabled: 1
  m_EditorHideFlags: 0
  m_Script: {fileID: 11500000, guid: 858a20c1b21a3f94bb5b2d3b901c9aaf, type: 3}
  m_Name: 
  m_EditorClassIdentifier: 
  leftAnchor:
    target: {fileID: 0}
    relative: 0
    absolute: 0
  rightAnchor:
    target: {fileID: 0}
    relative: 1
    absolute: 0
  bottomAnchor:
    target: {fileID: 0}
    relative: 0
    absolute: 0
  topAnchor:
    target: {fileID: 0}
    relative: 1
    absolute: 0
  updateAnchors: 1
  mColor: {r: 1, g: 1, b: 1, a: 1}
  mPivot: 0
  mWidth: 520
  mHeight: 100
  mDepth: 4
  autoResizeBoxCollider: 1
  hideIfOffScreen: 0
  keepAspectRatio: 0
  aspectRatio: 5.19999981
--- !u!114 &11468852
MonoBehaviour:
  m_ObjectHideFlags: 1
  m_PrefabParentObject: {fileID: 0}
  m_PrefabInternal: {fileID: 100100000}
  m_GameObject: {fileID: 168860}
  m_Enabled: 1
  m_EditorHideFlags: 0
  m_Script: {fileID: 11500000, guid: 15cc9c62605319f4a9b20b15918913fa, type: 3}
  m_Name: 
  m_EditorClassIdentifier: 
  tweenTarget: {fileID: 168862}
  hover: {r: 1, g: 1, b: 1, a: 1}
  pressed: {r: .870588243, g: .870588243, b: .870588243, a: 1}
  disabledColor: {r: .5, g: .5, b: .5, a: 1}
  duration: .100000001
--- !u!114 &11468854
MonoBehaviour:
  m_ObjectHideFlags: 1
  m_PrefabParentObject: {fileID: 0}
  m_PrefabInternal: {fileID: 100100000}
  m_GameObject: {fileID: 168860}
  m_Enabled: 1
  m_EditorHideFlags: 0
  m_Script: {fileID: 11500000, guid: 966e33cd6e92c454f8a9316a932e92e7, type: 3}
  m_Name: 
  m_EditorClassIdentifier: 
  sound: 1
--- !u!114 &11468858
MonoBehaviour:
  m_ObjectHideFlags: 1
  m_PrefabParentObject: {fileID: 0}
  m_PrefabInternal: {fileID: 100100000}
  m_GameObject: {fileID: 168862}
  m_Enabled: 1
  m_EditorHideFlags: 0
  m_Script: {fileID: 11500000, guid: 1b3dc54f924693f41b5cbecb267e647a, type: 3}
  m_Name: 
  m_EditorClassIdentifier: 
  leftAnchor:
    target: {fileID: 468860}
    relative: 0
    absolute: 0
  rightAnchor:
    target: {fileID: 468860}
    relative: 1
    absolute: 0
  bottomAnchor:
    target: {fileID: 468860}
    relative: 0
    absolute: 0
  topAnchor:
    target: {fileID: 468860}
    relative: 1
    absolute: 0
  updateAnchors: 1
  mColor: {r: 1, g: 1, b: 1, a: 1}
  mPivot: 4
  mWidth: 520
  mHeight: 100
  mDepth: 0
  autoResizeBoxCollider: 0
  hideIfOffScreen: 0
  keepAspectRatio: 0
  aspectRatio: 5.19999981
  mType: 1
  mFillDirection: 4
  mFillAmount: 1
  mInvert: 0
  mFlip: 0
  centerType: 1
  leftType: 1
  rightType: 1
  bottomType: 1
  topType: 1
  mAtlas: {fileID: 11467188, guid: 61f3acd856c799f4bbcdc62179bc736c, type: 2}
  mSpriteName: button_01a
  mFillCenter: 1
--- !u!114 &11468860
MonoBehaviour:
  m_ObjectHideFlags: 1
  m_PrefabParentObject: {fileID: 0}
  m_PrefabInternal: {fileID: 100100000}
  m_GameObject: {fileID: 168864}
  m_Enabled: 1
  m_EditorHideFlags: 0
  m_Script: {fileID: 11500000, guid: e9d0b5f3bbe925a408bd595c79d0bf63, type: 3}
  m_Name: 
  m_EditorClassIdentifier: 
  leftAnchor:
    target: {fileID: 468860}
    relative: 0
    absolute: 110
  rightAnchor:
    target: {fileID: 468860}
    relative: 1
    absolute: -220
  bottomAnchor:
    target: {fileID: 468860}
    relative: .5
    absolute: -8
  topAnchor:
    target: {fileID: 468860}
    relative: 1
    absolute: -8
  updateAnchors: 1
  mColor: {r: 0, g: 0, b: 0, a: 1}
  mPivot: 3
  mWidth: 190
  mHeight: 50
  mDepth: 1
  autoResizeBoxCollider: 0
  hideIfOffScreen: 0
  keepAspectRatio: 0
  aspectRatio: 3.79999995
  keepCrispWhenShrunk: 1
  mTrueTypeFont: {fileID: 12800000, guid: 1ddc43e8db86d4d18b8b48bfb9cad20b, type: 3}
  mFont: {fileID: 0}
  mText: Gem
  mFontSize: 32
  mFontStyle: 0
  mAlignment: 0
  mEncoding: 1
  mMaxLineCount: 1
  mEffectStyle: 0
  mEffectColor: {r: 0, g: 0, b: 0, a: 1}
  mSymbols: 1
  mEffectDistance: {x: 1, y: 1}
  mOverflow: 0
  mMaterial: {fileID: 0}
  mApplyGradient: 0
  mGradientTop: {r: 1, g: 1, b: 1, a: 1}
  mGradientBottom: {r: .699999988, g: .699999988, b: .699999988, a: 1}
  mSpacingX: 0
  mSpacingY: 0
  mUseFloatSpacing: 0
  mFloatSpacingX: 0
  mFloatSpacingY: 0
  mShrinkToFit: 0
  mMaxLineWidth: 0
  mMaxLineHeight: 0
  mLineWidth: 0
  mMultiline: 1
--- !u!114 &11468870
MonoBehaviour:
  m_ObjectHideFlags: 1
  m_PrefabParentObject: {fileID: 0}
  m_PrefabInternal: {fileID: 100100000}
  m_GameObject: {fileID: 168868}
  m_Enabled: 1
  m_EditorHideFlags: 0
  m_Script: {fileID: 11500000, guid: e9d0b5f3bbe925a408bd595c79d0bf63, type: 3}
  m_Name: 
  m_EditorClassIdentifier: 
  leftAnchor:
    target: {fileID: 468860}
    relative: 0
    absolute: 110
  rightAnchor:
    target: {fileID: 468860}
    relative: 1
    absolute: -190
  bottomAnchor:
    target: {fileID: 468860}
    relative: .5
    absolute: -40
  topAnchor:
    target: {fileID: 468860}
    relative: 1
    absolute: -50
  updateAnchors: 1
  mColor: {r: 0, g: 0, b: 0, a: 1}
  mPivot: 3
  mWidth: 220
  mHeight: 40
  mDepth: 1
  autoResizeBoxCollider: 0
  hideIfOffScreen: 0
  keepAspectRatio: 0
  aspectRatio: 5.5
  keepCrispWhenShrunk: 1
  mTrueTypeFont: {fileID: 12800000, guid: 1ddc43e8db86d4d18b8b48bfb9cad20b, type: 3}
  mFont: {fileID: 0}
  mText: Bonus
  mFontSize: 22
  mFontStyle: 0
  mAlignment: 0
  mEncoding: 1
  mMaxLineCount: 1
  mEffectStyle: 0
  mEffectColor: {r: 0, g: 0, b: 0, a: 1}
  mSymbols: 1
  mEffectDistance: {x: 1, y: 1}
  mOverflow: 0
  mMaterial: {fileID: 0}
  mApplyGradient: 0
  mGradientTop: {r: 1, g: 1, b: 1, a: 1}
  mGradientBottom: {r: .699999988, g: .699999988, b: .699999988, a: 1}
  mSpacingX: 0
  mSpacingY: 0
  mUseFloatSpacing: 0
  mFloatSpacingX: 0
  mFloatSpacingY: 0
  mShrinkToFit: 0
  mMaxLineWidth: 0
  mMaxLineHeight: 0
  mLineWidth: 0
  mMultiline: 1
--- !u!1001 &100100000
Prefab:
  m_ObjectHideFlags: 1
  serializedVersion: 2
  m_Modification:
    m_TransformParent: {fileID: 0}
    m_Modifications: []
    m_RemovedComponents: []
  m_ParentPrefab: {fileID: 0}
  m_RootGameObject: {fileID: 168860}
  m_IsPrefabParent: 1
  m_IsExploded: 1
