%YAML 1.1
%TAG !u! tag:unity3d.com,2011:
--- !u!29 &1
SceneSettings:
  m_ObjectHideFlags: 0
  m_PVSData: 
  m_PVSObjectsArray: []
  m_PVSPortalsArray: []
  m_OcclusionBakeSettings:
    smallestOccluder: 5
    smallestHole: .25
    backfaceThreshold: 100
--- !u!104 &2
RenderSettings:
  m_Fog: 0
  m_FogColor: {r: .5, g: .5, b: .5, a: 1}
  m_FogMode: 3
  m_FogDensity: .00999999978
  m_LinearFogStart: 0
  m_LinearFogEnd: 300
  m_AmbientLight: {r: .200000003, g: .200000003, b: .200000003, a: 1}
  m_SkyboxMaterial: {fileID: 0}
  m_HaloStrength: .5
  m_FlareStrength: 1
  m_FlareFadeSpeed: 3
  m_HaloTexture: {fileID: 0}
  m_SpotCookie: {fileID: 0}
  m_ObjectHideFlags: 0
--- !u!127 &3
LevelGameManager:
  m_ObjectHideFlags: 0
--- !u!157 &4
LightmapSettings:
  m_ObjectHideFlags: 0
  m_LightProbes: {fileID: 0}
  m_Lightmaps: []
  m_LightmapsMode: 1
  m_BakedColorSpace: 0
  m_UseDualLightmapsInForward: 0
  m_LightmapEditorSettings:
    m_Resolution: 50
    m_LastUsedResolution: 0
    m_TextureWidth: 1024
    m_TextureHeight: 1024
    m_BounceBoost: 1
    m_BounceIntensity: 1
    m_SkyLightColor: {r: .860000014, g: .930000007, b: 1, a: 1}
    m_SkyLightIntensity: 0
    m_Quality: 0
    m_Bounces: 1
    m_FinalGatherRays: 1000
    m_FinalGatherContrastThreshold: .0500000007
    m_FinalGatherGradientThreshold: 0
    m_FinalGatherInterpolationPoints: 15
    m_AOAmount: 0
    m_AOMaxDistance: .100000001
    m_AOContrast: 1
    m_LODSurfaceMappingDistance: 1
    m_Padding: 0
    m_TextureCompression: 0
    m_LockAtlas: 0
--- !u!196 &5
NavMeshSettings:
  m_ObjectHideFlags: 0
  m_BuildSettings:
    agentRadius: .5
    agentHeight: 2
    agentSlope: 45
    agentClimb: .400000006
    ledgeDropHeight: 0
    maxJumpAcrossDistance: 0
    accuratePlacement: 0
    minRegionArea: 2
    widthInaccuracy: 16.666666
    heightInaccuracy: 10
    tileSizeHint: 0
  m_NavMesh: {fileID: 0}
--- !u!1 &132438687
GameObject:
  m_ObjectHideFlags: 0
  m_PrefabParentObject: {fileID: 199924, guid: 0a9eebb41753c47adb955752b5bddef5, type: 2}
  m_PrefabInternal: {fileID: 546885357}
  serializedVersion: 4
  m_Component:
  - 4: {fileID: 132438688}
  - 114: {fileID: 132438689}
  m_Layer: 23
  m_Name: Container
  m_TagString: Untagged
  m_Icon: {fileID: 0}
  m_NavMeshLayer: 0
  m_StaticEditorFlags: 0
  m_IsActive: 1
--- !u!4 &132438688
Transform:
  m_ObjectHideFlags: 0
  m_PrefabParentObject: {fileID: 499924, guid: 0a9eebb41753c47adb955752b5bddef5, type: 2}
  m_PrefabInternal: {fileID: 546885357}
  m_GameObject: {fileID: 132438687}
  m_LocalRotation: {x: 0, y: 0, z: 0, w: 1}
  m_LocalPosition: {x: 15, y: -443, z: 0}
  m_LocalScale: {x: 1, y: 1, z: 1}
  m_Children:
  - {fileID: 1000739173}
  - {fileID: 1178463651}
  m_Father: {fileID: 1563491165}
  m_RootOrder: 0
--- !u!114 &132438689
MonoBehaviour:
  m_ObjectHideFlags: 0
  m_PrefabParentObject: {fileID: 11499924, guid: 0a9eebb41753c47adb955752b5bddef5,
    type: 2}
  m_PrefabInternal: {fileID: 546885357}
  m_GameObject: {fileID: 132438687}
  m_Enabled: 1
  m_EditorHideFlags: 0
  m_Script: {fileID: 11500000, guid: 858a20c1b21a3f94bb5b2d3b901c9aaf, type: 3}
  m_Name: 
  m_EditorClassIdentifier: 
  leftAnchor:
    target: {fileID: 1563491165}
    relative: 0
    absolute: 30
  rightAnchor:
    target: {fileID: 1563491165}
    relative: 1
    absolute: 0
  bottomAnchor:
    target: {fileID: 1563491165}
    relative: 0
    absolute: 85
  topAnchor:
    target: {fileID: 1563491165}
    relative: 0
    absolute: 165
  updateAnchors: 1
  mColor: {r: 1, g: 1, b: 1, a: 1}
  mPivot: 4
  mWidth: 610
  mHeight: 80
  mDepth: 5
  autoResizeBoxCollider: 0
  hideIfOffScreen: 0
  keepAspectRatio: 0
  aspectRatio: 7.625
--- !u!1 &316648271
GameObject:
  m_ObjectHideFlags: 0
  m_PrefabParentObject: {fileID: 189904, guid: 0a9eebb41753c47adb955752b5bddef5, type: 2}
  m_PrefabInternal: {fileID: 546885357}
  serializedVersion: 4
  m_Component:
  - 4: {fileID: 316648272}
  - 114: {fileID: 316648273}
  m_Layer: 23
  m_Name: Container
  m_TagString: Untagged
  m_Icon: {fileID: 0}
  m_NavMeshLayer: 0
  m_StaticEditorFlags: 0
  m_IsActive: 1
--- !u!4 &316648272
Transform:
  m_ObjectHideFlags: 0
  m_PrefabParentObject: {fileID: 489904, guid: 0a9eebb41753c47adb955752b5bddef5, type: 2}
  m_PrefabInternal: {fileID: 546885357}
  m_GameObject: {fileID: 316648271}
  m_LocalRotation: {x: 0, y: 0, z: 0, w: 1}
  m_LocalPosition: {x: 0, y: 0, z: 0}
  m_LocalScale: {x: 1, y: 1, z: 1}
  m_Children:
  - {fileID: 852615670}
  - {fileID: 1164374070}
  m_Father: {fileID: 1563491165}
  m_RootOrder: 3
--- !u!114 &316648273
MonoBehaviour:
  m_ObjectHideFlags: 0
  m_PrefabParentObject: {fileID: 11489904, guid: 0a9eebb41753c47adb955752b5bddef5,
    type: 2}
  m_PrefabInternal: {fileID: 546885357}
  m_GameObject: {fileID: 316648271}
  m_Enabled: 1
  m_EditorHideFlags: 0
  m_Script: {fileID: 11500000, guid: 858a20c1b21a3f94bb5b2d3b901c9aaf, type: 3}
  m_Name: 
  m_EditorClassIdentifier: 
  leftAnchor:
    target: {fileID: 0}
    relative: 0
    absolute: 0
  rightAnchor:
    target: {fileID: 0}
    relative: 1
    absolute: 0
  bottomAnchor:
    target: {fileID: 0}
    relative: 0
    absolute: 0
  topAnchor:
    target: {fileID: 0}
    relative: 1
    absolute: 0
  updateAnchors: 1
  mColor: {r: 1, g: 1, b: 1, a: 1}
  mPivot: 4
  mWidth: 100
  mHeight: 100
  mDepth: 6
  autoResizeBoxCollider: 0
  hideIfOffScreen: 0
  keepAspectRatio: 0
  aspectRatio: 1
--- !u!1001 &546885357
Prefab:
  m_ObjectHideFlags: 0
  serializedVersion: 2
  m_Modification:
    m_TransformParent: {fileID: 591897422}
    m_Modifications:
    - target: {fileID: 490696, guid: 0a9eebb41753c47adb955752b5bddef5, type: 2}
      propertyPath: m_LocalPosition.x
      value: 0
      objectReference: {fileID: 0}
    - target: {fileID: 490696, guid: 0a9eebb41753c47adb955752b5bddef5, type: 2}
      propertyPath: m_LocalPosition.y
      value: 0
      objectReference: {fileID: 0}
    - target: {fileID: 490696, guid: 0a9eebb41753c47adb955752b5bddef5, type: 2}
      propertyPath: m_LocalPosition.z
      value: 0
      objectReference: {fileID: 0}
    - target: {fileID: 490696, guid: 0a9eebb41753c47adb955752b5bddef5, type: 2}
      propertyPath: m_LocalRotation.x
      value: 0
      objectReference: {fileID: 0}
    - target: {fileID: 490696, guid: 0a9eebb41753c47adb955752b5bddef5, type: 2}
      propertyPath: m_LocalRotation.y
      value: 0
      objectReference: {fileID: 0}
    - target: {fileID: 490696, guid: 0a9eebb41753c47adb955752b5bddef5, type: 2}
      propertyPath: m_LocalRotation.z
      value: 0
      objectReference: {fileID: 0}
    - target: {fileID: 490696, guid: 0a9eebb41753c47adb955752b5bddef5, type: 2}
      propertyPath: m_LocalRotation.w
      value: 1
      objectReference: {fileID: 0}
    - target: {fileID: 490696, guid: 0a9eebb41753c47adb955752b5bddef5, type: 2}
      propertyPath: m_RootOrder
      value: 0
      objectReference: {fileID: 0}
    - target: {fileID: 11498268, guid: 0a9eebb41753c47adb955752b5bddef5, type: 2}
      propertyPath: m_Enabled
      value: 0
      objectReference: {fileID: 0}
    - target: {fileID: 11498268, guid: 0a9eebb41753c47adb955752b5bddef5, type: 2}
      propertyPath: root
      value: 
      objectReference: {fileID: 0}
    - target: {fileID: 11453318, guid: 0a9eebb41753c47adb955752b5bddef5, type: 2}
      propertyPath: texture
      value: 
      objectReference: {fileID: 1822514376}
    - target: {fileID: 11486464, guid: 0a9eebb41753c47adb955752b5bddef5, type: 2}
      propertyPath: m_Enabled
      value: 0
      objectReference: {fileID: 0}
    m_RemovedComponents: []
  m_ParentPrefab: {fileID: 100100000, guid: 0a9eebb41753c47adb955752b5bddef5, type: 2}
  m_RootGameObject: {fileID: 1563491164}
  m_IsPrefabParent: 0
  m_IsExploded: 1
--- !u!1 &591897421
GameObject:
  m_ObjectHideFlags: 0
  m_PrefabParentObject: {fileID: 0}
  m_PrefabInternal: {fileID: 0}
  serializedVersion: 4
  m_Component:
  - 4: {fileID: 591897422}
  - 114: {fileID: 591897425}
  - 114: {fileID: 591897424}
  - 114: {fileID: 591897423}
  m_Layer: 23
  m_Name: UI Root
  m_TagString: Untagged
  m_Icon: {fileID: 0}
  m_NavMeshLayer: 0
  m_StaticEditorFlags: 0
  m_IsActive: 1
--- !u!4 &591897422
Transform:
  m_ObjectHideFlags: 0
  m_PrefabParentObject: {fileID: 0}
  m_PrefabInternal: {fileID: 0}
  m_GameObject: {fileID: 591897421}
  m_LocalRotation: {x: 0, y: 0, z: 0, w: 1}
  m_LocalPosition: {x: 0, y: 0, z: 0}
  m_LocalScale: {x: .00208333344, y: .00208333344, z: .00208333344}
  m_Children:
  - {fileID: 1563491165}
  m_Father: {fileID: 0}
  m_RootOrder: 1
--- !u!114 &591897423
MonoBehaviour:
  m_ObjectHideFlags: 0
  m_PrefabParentObject: {fileID: 0}
  m_PrefabInternal: {fileID: 0}
  m_GameObject: {fileID: 591897421}
  m_Enabled: 1
  m_EditorHideFlags: 0
  m_Script: {fileID: 11500000, guid: 415ce412c4b422c4a8667e9ef7a65e61, type: 3}
  m_Name: 
  m_EditorClassIdentifier: 
  width: 640
  height: 960
--- !u!114 &591897424
MonoBehaviour:
  m_ObjectHideFlags: 0
  m_PrefabParentObject: {fileID: 0}
  m_PrefabInternal: {fileID: 0}
  m_GameObject: {fileID: 591897421}
  m_Enabled: 1
  m_EditorHideFlags: 0
  m_Script: {fileID: 11500000, guid: ae942c9068183dc40a9d01f648273726, type: 3}
  m_Name: 
  m_EditorClassIdentifier: 
  leftAnchor:
    target: {fileID: 0}
    relative: 0
    absolute: 0
  rightAnchor:
    target: {fileID: 0}
    relative: 1
    absolute: 0
  bottomAnchor:
    target: {fileID: 0}
    relative: 0
    absolute: 0
  topAnchor:
    target: {fileID: 0}
    relative: 1
    absolute: 0
  updateAnchors: 1
  showInPanelTool: 1
  generateNormals: 0
  widgetsAreStatic: 0
  cullWhileDragging: 1
  alwaysOnScreen: 0
  anchorOffset: 0
  softBorderPadding: 1
  renderQueue: 0
  startingRenderQueue: 3000
  mClipTexture: {fileID: 0}
  mAlpha: 1
  mClipping: 4
  mClipRange: {x: 0, y: 0, z: 640, w: 960}
  mClipSoftness: {x: 1, y: 1}
  mDepth: 0
  mSortingOrder: 0
  mClipOffset: {x: 0, y: 0}
--- !u!114 &591897425
MonoBehaviour:
  m_ObjectHideFlags: 0
  m_PrefabParentObject: {fileID: 0}
  m_PrefabInternal: {fileID: 0}
  m_GameObject: {fileID: 591897421}
  m_Enabled: 1
  m_EditorHideFlags: 0
  m_Script: {fileID: 11500000, guid: 2c5ecb5660b11414fb042fb826e03b73, type: 3}
  m_Name: 
  m_EditorClassIdentifier: 
  scalingStyle: 2
  manualWidth: 640
  manualHeight: 960
  minimumHeight: 320
  maximumHeight: 1536
  fitWidth: 0
  fitHeight: 1
  adjustByDPI: 0
  shrinkPortraitUI: 0
--- !u!1 &852615669
GameObject:
  m_ObjectHideFlags: 0
  m_PrefabParentObject: {fileID: 189902, guid: 0a9eebb41753c47adb955752b5bddef5, type: 2}
  m_PrefabInternal: {fileID: 546885357}
  serializedVersion: 4
  m_Component:
  - 4: {fileID: 852615670}
  - 114: {fileID: 852615671}
  m_Layer: 23
  m_Name: Sprite
  m_TagString: Untagged
  m_Icon: {fileID: 0}
  m_NavMeshLayer: 0
  m_StaticEditorFlags: 0
  m_IsActive: 1
--- !u!4 &852615670
Transform:
  m_ObjectHideFlags: 0
  m_PrefabParentObject: {fileID: 489902, guid: 0a9eebb41753c47adb955752b5bddef5, type: 2}
  m_PrefabInternal: {fileID: 546885357}
  m_GameObject: {fileID: 852615669}
  m_LocalRotation: {x: 0, y: 0, z: 0, w: 1}
  m_LocalPosition: {x: 0, y: 0, z: 0}
  m_LocalScale: {x: 1, y: 1, z: 1}
  m_Children: []
  m_Father: {fileID: 316648272}
  m_RootOrder: 0
--- !u!114 &852615671
MonoBehaviour:
  m_ObjectHideFlags: 0
  m_PrefabParentObject: {fileID: 11489902, guid: 0a9eebb41753c47adb955752b5bddef5,
    type: 2}
  m_PrefabInternal: {fileID: 546885357}
  m_GameObject: {fileID: 852615669}
  m_Enabled: 1
  m_EditorHideFlags: 0
  m_Script: {fileID: 11500000, guid: 1b3dc54f924693f41b5cbecb267e647a, type: 3}
  m_Name: 
  m_EditorClassIdentifier: 
  leftAnchor:
    target: {fileID: 1563491165}
    relative: 0
    absolute: 0
  rightAnchor:
    target: {fileID: 1563491165}
    relative: 1
    absolute: 0
  bottomAnchor:
    target: {fileID: 1563491165}
    relative: 0
    absolute: 0
  topAnchor:
    target: {fileID: 1563491165}
    relative: 1
    absolute: 0
  updateAnchors: 1
  mColor: {r: 0, g: 0, b: 0, a: .470588237}
  mPivot: 4
  mWidth: 640
  mHeight: 1136
  mDepth: 7
  autoResizeBoxCollider: 0
  hideIfOffScreen: 0
  keepAspectRatio: 0
  aspectRatio: .563380301
  mType: 1
  mFillDirection: 4
  mFillAmount: 1
  mInvert: 0
  mFlip: 0
  centerType: 1
  leftType: 1
  rightType: 1
  bottomType: 1
  topType: 1
  mAtlas: {fileID: 11467188, guid: 61f3acd856c799f4bbcdc62179bc736c, type: 2}
  mSpriteName: img_white
  mFillCenter: 1
--- !u!1 &887513381
GameObject:
  m_ObjectHideFlags: 0
  m_PrefabParentObject: {fileID: 112912, guid: 0a9eebb41753c47adb955752b5bddef5, type: 2}
  m_PrefabInternal: {fileID: 546885357}
  serializedVersion: 4
  m_Component:
  - 4: {fileID: 887513384}
  - 114: {fileID: 887513383}
  - 114: {fileID: 887513382}
  m_Layer: 23
  m_Name: Start
  m_TagString: Untagged
  m_Icon: {fileID: 0}
  m_NavMeshLayer: 0
  m_StaticEditorFlags: 0
  m_IsActive: 0
--- !u!114 &887513382
MonoBehaviour:
  m_ObjectHideFlags: 0
  m_PrefabParentObject: {fileID: 11412912, guid: 0a9eebb41753c47adb955752b5bddef5,
    type: 2}
  m_PrefabInternal: {fileID: 546885357}
  m_GameObject: {fileID: 887513381}
  m_Enabled: 1
  m_EditorHideFlags: 0
  m_Script: {fileID: 11500000, guid: 9e2747e3775af504da1a4d5a46c5a1ce, type: 3}
  m_Name: 
  m_EditorClassIdentifier: 
  method: 0
  style: 2
  animationCurve:
    serializedVersion: 2
    m_Curve:
    - time: 0
      value: .099999994
      inSlope: 0
      outSlope: 0
      tangentMode: 0
    - time: 1
      value: 1.10000002
      inSlope: 0
      outSlope: 0
      tangentMode: 0
    m_PreInfinity: 2
    m_PostInfinity: 2
  ignoreTimeScale: 1
  delay: 0
  duration: 1.5
  steeperCurves: 0
  tweenGroup: 0
  onFinished: []
  eventReceiver: {fileID: 0}
  callWhenFinished: 
  from: .300000012
  to: 1
--- !u!114 &887513383
MonoBehaviour:
  m_ObjectHideFlags: 0
  m_PrefabParentObject: {fileID: 11412908, guid: 0a9eebb41753c47adb955752b5bddef5,
    type: 2}
  m_PrefabInternal: {fileID: 546885357}
  m_GameObject: {fileID: 887513381}
  m_Enabled: 1
  m_EditorHideFlags: 0
  m_Script: {fileID: 11500000, guid: d5c5ca47aa5c01740810b7c66662099f, type: 3}
  m_Name: 
  m_EditorClassIdentifier: 
  leftAnchor:
    target: {fileID: 0}
    relative: 0
    absolute: 0
  rightAnchor:
    target: {fileID: 0}
    relative: 1
    absolute: 0
  bottomAnchor:
    target: {fileID: 0}
    relative: 0
    absolute: 0
  topAnchor:
    target: {fileID: 0}
    relative: 1
    absolute: 0
  updateAnchors: 1
  mColor: {r: 1, g: 1, b: 1, a: 0}
  mPivot: 4
  mWidth: 216
  mHeight: 62
  mDepth: 3
  autoResizeBoxCollider: 0
  hideIfOffScreen: 0
  keepAspectRatio: 0
  aspectRatio: 3.48387098
  mType: 0
  mFillDirection: 4
  mFillAmount: 1
  mInvert: 0
  mFlip: 0
  centerType: 1
  leftType: 1
  rightType: 1
  bottomType: 1
  topType: 1
  mRect:
    serializedVersion: 2
    x: 0
    y: 0
    width: 1
    height: 1
  mTexture: {fileID: 2800000, guid: eb5f3a316a2d64737a9f2e19af1d9c56, type: 3}
  mMat: {fileID: 0}
  mShader: {fileID: 4800000, guid: e75727d9555d9d14ca51d91908c681bc, type: 3}
  mBorder: {x: 0, y: 0, z: 0, w: 0}
  mFixedAspect: 0
--- !u!4 &887513384
Transform:
  m_ObjectHideFlags: 0
  m_PrefabParentObject: {fileID: 412912, guid: 0a9eebb41753c47adb955752b5bddef5, type: 2}
  m_PrefabInternal: {fileID: 546885357}
  m_GameObject: {fileID: 887513381}
  m_LocalRotation: {x: 0, y: 0, z: 0, w: 1}
  m_LocalPosition: {x: 0, y: -300, z: 0}
  m_LocalScale: {x: 1, y: 1, z: 1}
  m_Children: []
  m_Father: {fileID: 1563491165}
  m_RootOrder: 2
--- !u!1 &1000739172
GameObject:
  m_ObjectHideFlags: 0
  m_PrefabParentObject: {fileID: 199926, guid: 0a9eebb41753c47adb955752b5bddef5, type: 2}
  m_PrefabInternal: {fileID: 546885357}
  serializedVersion: 4
  m_Component:
  - 4: {fileID: 1000739173}
  - 114: {fileID: 1000739174}
  m_Layer: 23
  m_Name: ID
  m_TagString: Untagged
  m_Icon: {fileID: 0}
  m_NavMeshLayer: 0
  m_StaticEditorFlags: 0
  m_IsActive: 1
--- !u!4 &1000739173
Transform:
  m_ObjectHideFlags: 0
  m_PrefabParentObject: {fileID: 499926, guid: 0a9eebb41753c47adb955752b5bddef5, type: 2}
  m_PrefabInternal: {fileID: 546885357}
  m_GameObject: {fileID: 1000739172}
  m_LocalRotation: {x: 0, y: 0, z: 0, w: 1}
  m_LocalPosition: {x: -305, y: 20, z: 0}
  m_LocalScale: {x: 1, y: 1, z: 1}
  m_Children: []
  m_Father: {fileID: 132438688}
  m_RootOrder: 0
--- !u!114 &1000739174
MonoBehaviour:
  m_ObjectHideFlags: 0
  m_PrefabParentObject: {fileID: 11499926, guid: 0a9eebb41753c47adb955752b5bddef5,
    type: 2}
  m_PrefabInternal: {fileID: 546885357}
  m_GameObject: {fileID: 1000739172}
  m_Enabled: 1
  m_EditorHideFlags: 0
  m_Script: {fileID: 11500000, guid: e9d0b5f3bbe925a408bd595c79d0bf63, type: 3}
  m_Name: 
  m_EditorClassIdentifier: 
  leftAnchor:
    target: {fileID: 132438688}
    relative: 0
    absolute: 0
  rightAnchor:
    target: {fileID: 132438688}
    relative: 1
    absolute: 0
  bottomAnchor:
    target: {fileID: 132438688}
    relative: .5
    absolute: 0
  topAnchor:
    target: {fileID: 132438688}
    relative: 1
    absolute: 0
  updateAnchors: 1
  mColor: {r: 1, g: 1, b: 1, a: 1}
  mPivot: 3
  mWidth: 610
  mHeight: 40
  mDepth: 4
  autoResizeBoxCollider: 0
  hideIfOffScreen: 0
  keepAspectRatio: 0
  aspectRatio: 15.25
  keepCrispWhenShrunk: 1
  mTrueTypeFont: {fileID: 12800000, guid: 1ddc43e8db86d4d18b8b48bfb9cad20b, type: 3}
  mFont: {fileID: 0}
  mText: 
  mFontSize: 24
  mFontStyle: 0
  mAlignment: 0
  mEncoding: 1
  mMaxLineCount: 0
  mEffectStyle: 2
  mEffectColor: {r: 0, g: 0, b: 0, a: 1}
  mSymbols: 1
  mEffectDistance: {x: 1, y: 1}
  mOverflow: 0
  mMaterial: {fileID: 0}
  mApplyGradient: 0
  mGradientTop: {r: 1, g: 1, b: 1, a: 1}
  mGradientBottom: {r: .699999988, g: .699999988, b: .699999988, a: 1}
  mSpacingX: 0
  mSpacingY: 0
  mUseFloatSpacing: 0
  mFloatSpacingX: 0
  mFloatSpacingY: 0
  mShrinkToFit: 0
  mMaxLineWidth: 0
  mMaxLineHeight: 0
  mLineWidth: 0
  mMultiline: 1
--- !u!1 &1116626440
GameObject:
  m_ObjectHideFlags: 0
  m_PrefabParentObject: {fileID: 166438, guid: 0a9eebb41753c47adb955752b5bddef5, type: 2}
  m_PrefabInternal: {fileID: 546885357}
  serializedVersion: 4
  m_Component:
  - 4: {fileID: 1116626441}
  - 114: {fileID: 1116626442}
  m_Layer: 23
  m_Name: background
  m_TagString: Untagged
  m_Icon: {fileID: 0}
  m_NavMeshLayer: 0
  m_StaticEditorFlags: 0
  m_IsActive: 1
--- !u!4 &1116626441
Transform:
  m_ObjectHideFlags: 0
  m_PrefabParentObject: {fileID: 466438, guid: 0a9eebb41753c47adb955752b5bddef5, type: 2}
  m_PrefabInternal: {fileID: 546885357}
  m_GameObject: {fileID: 1116626440}
  m_LocalRotation: {x: 0, y: 0, z: 0, w: 1}
  m_LocalPosition: {x: 0, y: 0, z: 0}
  m_LocalScale: {x: 1, y: 1, z: 1}
  m_Children: []
  m_Father: {fileID: 1563491165}
  m_RootOrder: 1
--- !u!114 &1116626442
MonoBehaviour:
  m_ObjectHideFlags: 0
  m_PrefabParentObject: {fileID: 11466438, guid: 0a9eebb41753c47adb955752b5bddef5,
    type: 2}
  m_PrefabInternal: {fileID: 546885357}
  m_GameObject: {fileID: 1116626440}
  m_Enabled: 1
  m_EditorHideFlags: 0
  m_Script: {fileID: 11500000, guid: 1b3dc54f924693f41b5cbecb267e647a, type: 3}
  m_Name: 
  m_EditorClassIdentifier: 
  leftAnchor:
    target: {fileID: 1563491165}
    relative: 0
    absolute: 0
  rightAnchor:
    target: {fileID: 1563491165}
    relative: 1
    absolute: 0
  bottomAnchor:
    target: {fileID: 1563491165}
    relative: 0
    absolute: 0
  topAnchor:
    target: {fileID: 1563491165}
    relative: 1
    absolute: 0
  updateAnchors: 1
  mColor: {r: 0, g: 0, b: 0, a: 1}
  mPivot: 4
  mWidth: 640
  mHeight: 1136
  mDepth: 1
  autoResizeBoxCollider: 0
  hideIfOffScreen: 0
  keepAspectRatio: 0
  aspectRatio: .563380301
  mType: 1
  mFillDirection: 4
  mFillAmount: 1
  mInvert: 0
  mFlip: 0
  centerType: 1
  leftType: 1
  rightType: 1
  bottomType: 1
  topType: 1
  mAtlas: {fileID: 11467188, guid: 61f3acd856c799f4bbcdc62179bc736c, type: 2}
  mSpriteName: img_white
  mFillCenter: 1
--- !u!1 &1164374069
GameObject:
  m_ObjectHideFlags: 0
  m_PrefabParentObject: {fileID: 124938, guid: 0a9eebb41753c47adb955752b5bddef5, type: 2}
  m_PrefabInternal: {fileID: 546885357}
  serializedVersion: 4
  m_Component:
  - 4: {fileID: 1164374070}
  - 114: {fileID: 1164374073}
  - 114: {fileID: 1164374072}
  - 114: {fileID: 1164374071}
  m_Layer: 23
  m_Name: Loading
  m_TagString: Untagged
  m_Icon: {fileID: 0}
  m_NavMeshLayer: 0
  m_StaticEditorFlags: 0
  m_IsActive: 1
--- !u!4 &1164374070
Transform:
  m_ObjectHideFlags: 0
  m_PrefabParentObject: {fileID: 424938, guid: 0a9eebb41753c47adb955752b5bddef5, type: 2}
  m_PrefabInternal: {fileID: 546885357}
  m_GameObject: {fileID: 1164374069}
  m_LocalRotation: {x: 0, y: 0, z: 0, w: 1}
  m_LocalPosition: {x: 0, y: 0, z: 0}
  m_LocalScale: {x: 1, y: 1, z: 1}
  m_Children: []
  m_Father: {fileID: 316648272}
  m_RootOrder: 1
--- !u!114 &1164374071
MonoBehaviour:
  m_ObjectHideFlags: 0
  m_PrefabParentObject: {fileID: 11436524, guid: 0a9eebb41753c47adb955752b5bddef5,
    type: 2}
  m_PrefabInternal: {fileID: 546885357}
  m_GameObject: {fileID: 1164374069}
  m_Enabled: 1
  m_EditorHideFlags: 0
  m_Script: {fileID: 11500000, guid: 9e2747e3775af504da1a4d5a46c5a1ce, type: 3}
  m_Name: 
  m_EditorClassIdentifier: 
  method: 0
  style: 0
  animationCurve:
    serializedVersion: 2
    m_Curve:
    - time: 0
      value: 0
      inSlope: 0
      outSlope: 1
      tangentMode: 0
    - time: 1
      value: 1
      inSlope: 1
      outSlope: 0
      tangentMode: 0
    m_PreInfinity: 2
    m_PostInfinity: 2
  ignoreTimeScale: 1
  delay: .5
  duration: .5
  steeperCurves: 0
  tweenGroup: 0
  onFinished: []
  eventReceiver: {fileID: 0}
  callWhenFinished: 
  from: 0
  to: 1
--- !u!114 &1164374072
MonoBehaviour:
  m_ObjectHideFlags: 0
  m_PrefabParentObject: {fileID: 11424938, guid: 0a9eebb41753c47adb955752b5bddef5,
    type: 2}
  m_PrefabInternal: {fileID: 546885357}
  m_GameObject: {fileID: 1164374069}
  m_Enabled: 1
  m_EditorHideFlags: 0
  m_Script: {fileID: 11500000, guid: 18c7fd54fd5b09f4cb1a74615fab4f58, type: 3}
  m_Name: 
  m_EditorClassIdentifier: 
  method: 0
  style: 1
  animationCurve:
    serializedVersion: 2
    m_Curve:
    - time: 0
      value: 0
      inSlope: 0
      outSlope: 1
      tangentMode: 0
    - time: 1
      value: 1
      inSlope: 1
      outSlope: 0
      tangentMode: 0
    m_PreInfinity: 2
    m_PostInfinity: 2
  ignoreTimeScale: 1
  delay: 0
  duration: 1
  steeperCurves: 0
  tweenGroup: 0
  onFinished: []
  eventReceiver: {fileID: 0}
  callWhenFinished: 
  from: 0
  to: 360
--- !u!114 &1164374073
MonoBehaviour:
  m_ObjectHideFlags: 0
  m_PrefabParentObject: {fileID: 11424940, guid: 0a9eebb41753c47adb955752b5bddef5,
    type: 2}
  m_PrefabInternal: {fileID: 546885357}
  m_GameObject: {fileID: 1164374069}
  m_Enabled: 1
  m_EditorHideFlags: 0
  m_Script: {fileID: 11500000, guid: 1b3dc54f924693f41b5cbecb267e647a, type: 3}
  m_Name: 
  m_EditorClassIdentifier: 
  leftAnchor:
    target: {fileID: 0}
    relative: 0
    absolute: 0
  rightAnchor:
    target: {fileID: 0}
    relative: 1
    absolute: 0
  bottomAnchor:
    target: {fileID: 0}
    relative: 0
    absolute: 0
  topAnchor:
    target: {fileID: 0}
    relative: 1
    absolute: 0
  updateAnchors: 1
  mColor: {r: 1, g: 1, b: 1, a: 0}
  mPivot: 4
  mWidth: 70
  mHeight: 70
  mDepth: 8
  autoResizeBoxCollider: 0
  hideIfOffScreen: 0
  keepAspectRatio: 0
  aspectRatio: 1
  mType: 1
  mFillDirection: 4
  mFillAmount: 1
  mInvert: 0
  mFlip: 0
  centerType: 1
  leftType: 1
  rightType: 1
  bottomType: 1
  topType: 1
  mAtlas: {fileID: 11467188, guid: 61f3acd856c799f4bbcdc62179bc736c, type: 2}
  mSpriteName: loading
  mFillCenter: 1
--- !u!1 &1178463650
GameObject:
  m_ObjectHideFlags: 0
  m_PrefabParentObject: {fileID: 199922, guid: 0a9eebb41753c47adb955752b5bddef5, type: 2}
  m_PrefabInternal: {fileID: 546885357}
  serializedVersion: 4
  m_Component:
  - 4: {fileID: 1178463651}
  - 114: {fileID: 1178463652}
  m_Layer: 23
  m_Name: Version
  m_TagString: Untagged
  m_Icon: {fileID: 0}
  m_NavMeshLayer: 0
  m_StaticEditorFlags: 0
  m_IsActive: 1
--- !u!4 &1178463651
Transform:
  m_ObjectHideFlags: 0
  m_PrefabParentObject: {fileID: 499922, guid: 0a9eebb41753c47adb955752b5bddef5, type: 2}
  m_PrefabInternal: {fileID: 546885357}
  m_GameObject: {fileID: 1178463650}
  m_LocalRotation: {x: 0, y: 0, z: 0, w: 1}
  m_LocalPosition: {x: -305, y: -20, z: 0}
  m_LocalScale: {x: .999940038, y: .999940038, z: .999940038}
  m_Children: []
  m_Father: {fileID: 132438688}
  m_RootOrder: 1
--- !u!114 &1178463652
MonoBehaviour:
  m_ObjectHideFlags: 0
  m_PrefabParentObject: {fileID: 11499922, guid: 0a9eebb41753c47adb955752b5bddef5,
    type: 2}
  m_PrefabInternal: {fileID: 546885357}
  m_GameObject: {fileID: 1178463650}
  m_Enabled: 1
  m_EditorHideFlags: 0
  m_Script: {fileID: 11500000, guid: e9d0b5f3bbe925a408bd595c79d0bf63, type: 3}
  m_Name: 
  m_EditorClassIdentifier: 
  leftAnchor:
    target: {fileID: 132438688}
    relative: 0
    absolute: 0
  rightAnchor:
    target: {fileID: 132438688}
    relative: 1
    absolute: 0
  bottomAnchor:
    target: {fileID: 132438688}
    relative: 0
    absolute: 0
  topAnchor:
    target: {fileID: 132438688}
    relative: .5
    absolute: 0
  updateAnchors: 1
  mColor: {r: 1, g: 1, b: 1, a: 1}
  mPivot: 3
  mWidth: 610
  mHeight: 40
  mDepth: 4
  autoResizeBoxCollider: 0
  hideIfOffScreen: 0
  keepAspectRatio: 0
  aspectRatio: 15.25
  keepCrispWhenShrunk: 1
  mTrueTypeFont: {fileID: 12800000, guid: 1ddc43e8db86d4d18b8b48bfb9cad20b, type: 3}
  mFont: {fileID: 0}
  mText: 
  mFontSize: 24
  mFontStyle: 0
  mAlignment: 0
  mEncoding: 1
  mMaxLineCount: 0
  mEffectStyle: 2
  mEffectColor: {r: 0, g: 0, b: 0, a: 1}
  mSymbols: 1
  mEffectDistance: {x: 1, y: 1}
  mOverflow: 0
  mMaterial: {fileID: 0}
  mApplyGradient: 0
  mGradientTop: {r: 1, g: 1, b: 1, a: 1}
  mGradientBottom: {r: .699999988, g: .699999988, b: .699999988, a: 1}
  mSpacingX: 0
  mSpacingY: 0
  mUseFloatSpacing: 0
  mFloatSpacingX: 0
  mFloatSpacingY: 0
  mShrinkToFit: 0
  mMaxLineWidth: 0
  mMaxLineHeight: 0
  mLineWidth: 0
  mMultiline: 1
--- !u!1 &1563491164
GameObject:
  m_ObjectHideFlags: 0
  m_PrefabParentObject: {fileID: 190696, guid: 0a9eebb41753c47adb955752b5bddef5, type: 2}
  m_PrefabInternal: {fileID: 546885357}
  serializedVersion: 4
  m_Component:
  - 4: {fileID: 1563491165}
  - 114: {fileID: 1563491169}
  - 65: {fileID: 1563491168}
  - 114: {fileID: 1563491167}
  - 114: {fileID: 1563491166}
  m_Layer: 23
  m_Name: Title
  m_TagString: Untagged
  m_Icon: {fileID: 0}
  m_NavMeshLayer: 0
  m_StaticEditorFlags: 0
  m_IsActive: 1
--- !u!4 &1563491165
Transform:
  m_ObjectHideFlags: 0
  m_PrefabParentObject: {fileID: 490696, guid: 0a9eebb41753c47adb955752b5bddef5, type: 2}
  m_PrefabInternal: {fileID: 546885357}
  m_GameObject: {fileID: 1563491164}
  m_LocalRotation: {x: 0, y: 0, z: 0, w: 1}
  m_LocalPosition: {x: 0, y: 0, z: 0}
  m_LocalScale: {x: 1, y: 1, z: 1}
  m_Children:
  - {fileID: 132438688}
  - {fileID: 1116626441}
  - {fileID: 887513384}
  - {fileID: 316648272}
  - {fileID: 1822514377}
  m_Father: {fileID: 591897422}
  m_RootOrder: 0
--- !u!114 &1563491166
MonoBehaviour:
  m_ObjectHideFlags: 0
  m_PrefabParentObject: {fileID: 11498268, guid: 0a9eebb41753c47adb955752b5bddef5,
    type: 2}
  m_PrefabInternal: {fileID: 546885357}
  m_GameObject: {fileID: 1563491164}
  m_Enabled: 0
  m_EditorHideFlags: 0
  m_Script: {fileID: 11500000, guid: 2eceb007996c6ab4cad04af936a7154d, type: 3}
  m_Name: 
  m_EditorClassIdentifier: 
  root: {fileID: 0}
  left: 0
  right: 1
  bottom: 0
  top: 1
  leftOffset: 0
  rightOffset: 0
  bottomOffset: 0
  topOffset: 0
  realtime: 0
  behavior: 0
--- !u!114 &1563491167
MonoBehaviour:
  m_ObjectHideFlags: 0
  m_PrefabParentObject: {fileID: 11453318, guid: 0a9eebb41753c47adb955752b5bddef5,
    type: 2}
  m_PrefabInternal: {fileID: 546885357}
  m_GameObject: {fileID: 1563491164}
  m_Enabled: 1
  m_EditorHideFlags: 0
  m_Script: {fileID: 11500000, guid: e7427a0fd8a254cbbb184965b56cc1e8, type: 3}
  m_Name: 
  m_EditorClassIdentifier: 
  loadingIcon: {fileID: 316648271}
  startIcon: {fileID: 887513381}
  texture: {fileID: 1822514376}
  publicId: {fileID: 1000739174}
  version: {fileID: 1178463652}
--- !u!65 &1563491168
BoxCollider:
  m_ObjectHideFlags: 0
  m_PrefabParentObject: {fileID: 6590696, guid: 0a9eebb41753c47adb955752b5bddef5,
    type: 2}
  m_PrefabInternal: {fileID: 546885357}
  m_GameObject: {fileID: 1563491164}
  m_Material: {fileID: 0}
  m_IsTrigger: 0
  m_Enabled: 1
  serializedVersion: 2
  m_Size: {x: 640, y: 1136, z: 0}
  m_Center: {x: 0, y: 0, z: 0}
--- !u!114 &1563491169
MonoBehaviour:
  m_ObjectHideFlags: 0
  m_PrefabParentObject: {fileID: 11498270, guid: 0a9eebb41753c47adb955752b5bddef5,
    type: 2}
  m_PrefabInternal: {fileID: 546885357}
  m_GameObject: {fileID: 1563491164}
  m_Enabled: 1
  m_EditorHideFlags: 0
  m_Script: {fileID: 11500000, guid: 858a20c1b21a3f94bb5b2d3b901c9aaf, type: 3}
  m_Name: 
  m_EditorClassIdentifier: 
  leftAnchor:
    target: {fileID: 0}
    relative: 0
    absolute: 0
  rightAnchor:
    target: {fileID: 0}
    relative: 1
    absolute: 0
  bottomAnchor:
    target: {fileID: 0}
    relative: 0
    absolute: 0
  topAnchor:
    target: {fileID: 0}
    relative: 1
    absolute: 0
  updateAnchors: 1
  mColor: {r: 1, g: 1, b: 1, a: 1}
  mPivot: 4
  mWidth: 640
  mHeight: 1136
  mDepth: 0
  autoResizeBoxCollider: 1
  hideIfOffScreen: 0
  keepAspectRatio: 0
  aspectRatio: .563380301
--- !u!1 &1822514376
GameObject:
  m_ObjectHideFlags: 0
  m_PrefabParentObject: {fileID: 198270, guid: 0a9eebb41753c47adb955752b5bddef5, type: 2}
  m_PrefabInternal: {fileID: 546885357}
  serializedVersion: 4
  m_Component:
  - 4: {fileID: 1822514377}
  - 114: {fileID: 1822514379}
  - 114: {fileID: 1822514378}
  m_Layer: 23
  m_Name: Texture
  m_TagString: Untagged
  m_Icon: {fileID: 0}
  m_NavMeshLayer: 0
  m_StaticEditorFlags: 0
  m_IsActive: 1
--- !u!4 &1822514377
Transform:
  m_ObjectHideFlags: 0
  m_PrefabParentObject: {fileID: 498270, guid: 0a9eebb41753c47adb955752b5bddef5, type: 2}
  m_PrefabInternal: {fileID: 546885357}
  m_GameObject: {fileID: 1822514376}
  m_LocalRotation: {x: 0, y: 0, z: 0, w: 1}
  m_LocalPosition: {x: 0, y: 0, z: 0}
  m_LocalScale: {x: 1, y: 1, z: 1}
  m_Children: []
  m_Father: {fileID: 1563491165}
  m_RootOrder: 4
--- !u!114 &1822514378
MonoBehaviour:
  m_ObjectHideFlags: 0
  m_PrefabParentObject: {fileID: 11486464, guid: 0a9eebb41753c47adb955752b5bddef5,
    type: 2}
  m_PrefabInternal: {fileID: 546885357}
  m_GameObject: {fileID: 1822514376}
  m_Enabled: 0
  m_EditorHideFlags: 0
  m_Script: {fileID: 11500000, guid: 9e2747e3775af504da1a4d5a46c5a1ce, type: 3}
  m_Name: 
  m_EditorClassIdentifier: 
  method: 0
  style: 0
  animationCurve:
    serializedVersion: 2
    m_Curve:
    - time: 0
      value: 0
      inSlope: 0
      outSlope: 1
      tangentMode: 0
    - time: 1
      value: 1
      inSlope: 1
      outSlope: 0
      tangentMode: 0
    m_PreInfinity: 2
    m_PostInfinity: 2
  ignoreTimeScale: 1
  delay: 0
  duration: 1
  steeperCurves: 0
  tweenGroup: 0
  onFinished: []
  eventReceiver: {fileID: 0}
  callWhenFinished: 
  from: 0
  to: 1
--- !u!114 &1822514379
MonoBehaviour:
  m_ObjectHideFlags: 0
  m_PrefabParentObject: {fileID: 11498266, guid: 0a9eebb41753c47adb955752b5bddef5,
    type: 2}
  m_PrefabInternal: {fileID: 546885357}
  m_GameObject: {fileID: 1822514376}
  m_Enabled: 1
  m_EditorHideFlags: 0
  m_Script: {fileID: 11500000, guid: d5c5ca47aa5c01740810b7c66662099f, type: 3}
  m_Name: 
  m_EditorClassIdentifier: 
  leftAnchor:
    target: {fileID: 0}
    relative: 0
    absolute: 0
  rightAnchor:
    target: {fileID: 0}
    relative: 1
    absolute: 0
  bottomAnchor:
    target: {fileID: 0}
    relative: 0
    absolute: 0
  topAnchor:
    target: {fileID: 0}
    relative: 1
    absolute: 0
  updateAnchors: 1
  mColor: {r: 1, g: 1, b: 1, a: 0}
  mPivot: 4
  mWidth: 640
  mHeight: 1136
  mDepth: 2
  autoResizeBoxCollider: 0
  hideIfOffScreen: 0
  keepAspectRatio: 0
  aspectRatio: .563380301
  mType: 0
  mFillDirection: 4
  mFillAmount: 1
  mInvert: 0
  mFlip: 0
  centerType: 1
  leftType: 1
  rightType: 1
  bottomType: 1
  topType: 1
  mRect:
    serializedVersion: 2
    x: 0
    y: 0
    width: 1
    height: 1
  mTexture: {fileID: 2800000, guid: 78c85ef9f79f7499abe63502607c0784, type: 3}
  mMat: {fileID: 0}
  mShader: {fileID: 4800000, guid: e75727d9555d9d14ca51d91908c681bc, type: 3}
  mBorder: {x: 0, y: 0, z: 0, w: 0}
  mFixedAspect: 0
--- !u!1 &1941140455
GameObject:
  m_ObjectHideFlags: 0
  m_PrefabParentObject: {fileID: 0}
  m_PrefabInternal: {fileID: 0}
  serializedVersion: 4
  m_Component:
  - 4: {fileID: 1941140457}
  - 114: {fileID: 1941140456}
  - 20: {fileID: 1941140458}
  m_Layer: 0
  m_Name: Preload
  m_TagString: Untagged
  m_Icon: {fileID: 0}
  m_NavMeshLayer: 0
  m_StaticEditorFlags: 0
  m_IsActive: 1
--- !u!114 &1941140456
MonoBehaviour:
  m_ObjectHideFlags: 0
  m_PrefabParentObject: {fileID: 0}
  m_PrefabInternal: {fileID: 0}
  m_GameObject: {fileID: 1941140455}
  m_Enabled: 1
  m_EditorHideFlags: 0
  m_Script: {fileID: 11500000, guid: ab2b9a62e23cba841b8326126e2b2ed7, type: 3}
  m_Name: 
  m_EditorClassIdentifier: 
  title: {fileID: 1563491167}
--- !u!4 &1941140457
Transform:
  m_ObjectHideFlags: 0
  m_PrefabParentObject: {fileID: 0}
  m_PrefabInternal: {fileID: 0}
  m_GameObject: {fileID: 1941140455}
  m_LocalRotation: {x: 0, y: 0, z: 0, w: 1}
  m_LocalPosition: {x: 0, y: 0, z: 0}
  m_LocalScale: {x: 1, y: 1, z: 1}
  m_Children: []
  m_Father: {fileID: 0}
  m_RootOrder: 0
--- !u!20 &1941140458
Camera:
  m_ObjectHideFlags: 0
  m_PrefabParentObject: {fileID: 0}
  m_PrefabInternal: {fileID: 0}
  m_GameObject: {fileID: 1941140455}
  m_Enabled: 1
  serializedVersion: 2
  m_ClearFlags: 1
  m_BackGroundColor: {r: 0, g: 0, b: 0, a: 0}
  m_NormalizedViewPortRect:
    serializedVersion: 2
    x: 0
    y: 0
    width: 1
    height: 1
  near clip plane: .300000012
  far clip plane: 1000
  field of view: 60
  orthographic: 0
  orthographic size: 5
  m_Depth: 0
  m_CullingMask:
    serializedVersion: 2
    m_Bits: 1
  m_RenderingPath: -1
  m_TargetTexture: {fileID: 0}
  m_TargetDisplay: 0
  m_HDR: 0
  m_OcclusionCulling: 1
  m_StereoConvergence: 10
  m_StereoSeparation: .0219999999
