%YAML 1.1
%TAG !u! tag:unity3d.com,2011:
--- !u!1 &102814
GameObject:
  m_ObjectHideFlags: 0
  m_PrefabParentObject: {fileID: 0}
  m_PrefabInternal: {fileID: 100100000}
  serializedVersion: 4
  m_Component:
  - 4: {fileID: 402814}
  - 114: {fileID: 11402816}
  - 114: {fileID: 11423254}
  - 114: {fileID: 11402818}
  m_Layer: 10
  m_Name: Indicator
  m_TagString: Untagged
  m_Icon: {fileID: 0}
  m_NavMeshLayer: 0
  m_StaticEditorFlags: 0
  m_IsActive: 1
--- !u!1 &102816
GameObject:
  m_ObjectHideFlags: 0
  m_PrefabParentObject: {fileID: 0}
  m_PrefabInternal: {fileID: 100100000}
  serializedVersion: 4
  m_Component:
  - 4: {fileID: 402816}
  - 114: {fileID: 11423252}
  m_Layer: 10
  m_Name: Container
  m_TagString: Untagged
  m_Icon: {fileID: 0}
  m_NavMeshLayer: 0
  m_StaticEditorFlags: 0
  m_IsActive: 1
--- !u!4 &402814
Transform:
  m_ObjectHideFlags: 1
  m_PrefabParentObject: {fileID: 0}
  m_PrefabInternal: {fileID: 100100000}
  m_GameObject: {fileID: 102814}
  m_LocalRotation: {x: 0, y: 0, z: 0, w: 1}
  m_LocalPosition: {x: 0, y: 0, z: 0}
  m_LocalScale: {x: 1, y: 1, z: 1}
  m_Children:
  - {fileID: 402816}
  m_Father: {fileID: 0}
  m_RootOrder: 0
--- !u!4 &402816
Transform:
  m_ObjectHideFlags: 1
  m_PrefabParentObject: {fileID: 0}
  m_PrefabInternal: {fileID: 100100000}
  m_GameObject: {fileID: 102816}
  m_LocalRotation: {x: 0, y: 0, z: 0, w: 1}
  m_LocalPosition: {x: 0, y: 0, z: 0}
  m_LocalScale: {x: 1, y: 1, z: 1}
  m_Children: []
  m_Father: {fileID: 402814}
  m_RootOrder: 0
--- !u!114 &11402816
MonoBehaviour:
  m_ObjectHideFlags: 1
  m_PrefabParentObject: {fileID: 0}
  m_PrefabInternal: {fileID: 100100000}
  m_GameObject: {fileID: 102814}
  m_Enabled: 1
  m_EditorHideFlags: 0
  m_Script: {fileID: 11500000, guid: 858a20c1b21a3f94bb5b2d3b901c9aaf, type: 3}
  m_Name: 
  m_EditorClassIdentifier: 
  leftAnchor:
    target: {fileID: 0}
    relative: 0
    absolute: 0
  rightAnchor:
    target: {fileID: 0}
    relative: 1
    absolute: 0
  bottomAnchor:
    target: {fileID: 0}
    relative: 0
    absolute: -420
  topAnchor:
    target: {fileID: 0}
    relative: 1
    absolute: -60
  updateAnchors: 1
  mColor: {r: 1, g: 1, b: 1, a: 1}
  mPivot: 4
  mWidth: 640
  mHeight: 360
  mDepth: 6
  autoResizeBoxCollider: 0
  hideIfOffScreen: 0
  keepAspectRatio: 0
  aspectRatio: 1.77777779
--- !u!114 &11402818
MonoBehaviour:
  m_ObjectHideFlags: 1
  m_PrefabParentObject: {fileID: 0}
  m_PrefabInternal: {fileID: 100100000}
  m_GameObject: {fileID: 102814}
  m_Enabled: 1
  m_EditorHideFlags: 0
  m_Script: {fileID: 11500000, guid: 8a0fcaec345b6462687645417fe641ee, type: 3}
  m_Name: 
  m_EditorClassIdentifier: 
  prefab: {fileID: 172548, guid: f082b6d84375b4bfa825f6b116f284d3, type: 2}
  viewCount: 0
  container: {fileID: 11423252}
  scrollView: {fileID: 0}
  autoScrollToEnd: 0
--- !u!114 &11423252
MonoBehaviour:
  m_ObjectHideFlags: 1
  m_PrefabParentObject: {fileID: 0}
  m_PrefabInternal: {fileID: 100100000}
  m_GameObject: {fileID: 102816}
  m_Enabled: 1
  m_EditorHideFlags: 0
  m_Script: {fileID: 11500000, guid: 2143fd190d8788f4d826e1fc6b1dfdf1, type: 3}
  m_Name: 
  m_EditorClassIdentifier: 
  cellWidth: 50
  cellHeight: 30
  arrangement: 0
  maxPerLine: 0
  startPos: {x: 0, y: 0}
  direction: 0
  alignCenter: 1
  flexible: 0
--- !u!114 &11423254
MonoBehaviour:
  m_ObjectHideFlags: 1
  m_PrefabParentObject: {fileID: 0}
  m_PrefabInternal: {fileID: 100100000}
  m_GameObject: {fileID: 102814}
  m_Enabled: 1
  m_EditorHideFlags: 0
  m_Script: {fileID: 11500000, guid: dad48827c17b9e2409da19f337c20172, type: 3}
  m_Name: 
  m_EditorClassIdentifier: 
  behavior: 0
  prefab: {fileID: 0}
  container: {fileID: 0}
  target: {fileID: 0}
  itemList: {fileID: 11402818}
  count: 0
  current: 0
--- !u!1001 &100100000
Prefab:
  m_ObjectHideFlags: 1
  serializedVersion: 2
  m_Modification:
    m_TransformParent: {fileID: 0}
    m_Modifications: []
    m_RemovedComponents: []
  m_ParentPrefab: {fileID: 0}
  m_RootGameObject: {fileID: 102814}
  m_IsPrefabParent: 1
  m_IsExploded: 1
